<ENVELOPE>
 <HEADER>
  <VERSION>1</VERSION>
  <STATUS>1</STATUS>
 </HEADER>
 <BODY>
  <DESC>
   <CMPINFO>
    <COMPANY>0</COMPANY>
    <GROUP>0</GROUP>
    <LEDGER>46</LEDGER>
    <COSTCATEGORY>0</COSTCATEGORY>
    <COSTCENTRE>0</COSTCENTRE>
    <GODOWN>56</GODOWN>
    <STOCKGROUP>0</STOCKGROUP>
    <STOCKCATEGORY>0</STOCKCATEGORY>
    <STOCKITEM>84</STOCKITEM>
    <VOUCHERTYPE>1</VOUCHERTYPE>
    <CURRENCY>2</CURRENCY>
    <UNIT>0</UNIT>
    <BUDGET>0</BUDGET>
    <CLIENTRULE>0</CLIENTRULE>
    <SERVERRULE>0</SERVERRULE>
    <STATE>0</STATE>
    <TDSRATE>0</TDSRATE>
    <TAXCLASSIFICATION>0</TAXCLASSIFICATION>
    <STCATEGORY>0</STCATEGORY>
    <DEDUCTEETYPE>0</DEDUCTEETYPE>
    <ATTENDANCETYPE>0</ATTENDANCETYPE>
    <FBTCATEGORY>0</FBTCATEGORY>
    <FBTASSESSEETYPE>0</FBTASSESSEETYPE>
    <TARIFFCLASSIFICATION>0</TARIFFCLASSIFICATION>
    <EXCISEDUTYCLASSIFICATION>0</EXCISEDUTYCLASSIFICATION>
    <SERIALNUMBER>0</SERIALNUMBER>
    <ADJUSTMENTCLASSIFICATION>0</ADJUSTMENTCLASSIFICATION>
    <INCOMETAXSLAB>0</INCOMETAXSLAB>
    <INCOMETAXCLASSIFICATION>0</INCOMETAXCLASSIFICATION>
    <LBTCLASSIFICATION>0</LBTCLASSIFICATION>
    <TAXUNIT>11</TAXUNIT>
    <RETURNMASTER>0</RETURNMASTER>
    <GSTCLASSIFICATION>0</GSTCLASSIFICATION>
    <VOUCHERNUMBERSERIES>11</VOUCHERNUMBERSERIES>
    <VOUCHER>4</VOUCHER>
   </CMPINFO>
  </DESC>
  <DATA>
   <COLLECTION ISCMPDEPTYPE="Yes" CMPLOCUS="4" CMPDEPTYPE="64">
    <VOUCHER REMOTEID="fee08ce0-f94c-11d9-9523-00111181e7bb-00008ecc" VCHKEY="fee08ce0-f94c-11d9-9523-00111181e7bb-0000b420:00000008" VCHTYPE="Sales GST" OBJVIEW="Invoice Voucher View">
     <DATE TYPE="Date">20260401</DATE>
     <GUID>fee08ce0-f94c-11d9-9523-00111181e7bb-00008ecc</GUID>
     <REQUESTORRULE/>
     <VOUCHERTYPENAME>Sales GST</VOUCHERTYPENAME>
     <PARTYNAME TYPE="String">Arun Sane Associates</PARTYNAME>
     <PARTYLEDGERNAME TYPE="String">Arun Sane Associates</PARTYLEDGERNAME>
     <VOUCHERNUMBER>16701</VOUCHERNUMBER>
     <REFERENCE TYPE="String">13010</REFERENCE>
     <SERIALMASTER TYPE="String"></SERIALMASTER>
     <ARESERIALMASTER TYPE="String"></ARESERIALMASTER>
     <NUMBERINGSTYLE>Manual</NUMBERINGSTYLE>
     <PERSISTEDVIEW>Invoice Voucher View</PERSISTEDVIEW>
     <ISDELETED>No</ISDELETED>
     <ASORIGINAL>No</ASORIGINAL>
     <ISDEEMEDPOSITIVE TYPE="Logical">Yes</ISDEEMEDPOSITIVE>
     <EFFECTIVEDATE TYPE="Date">20260401</EFFECTIVEDATE>
     <ISINVOICE>Yes</ISINVOICE>
     <ASPAYSLIP>No</ASPAYSLIP>
     <ISDELETEDVCHRETAINED>No</ISDELETEDVCHRETAINED>
     <ISNEGISPOSSET TYPE="Logical">Yes</ISNEGISPOSSET>
     <MASTERID TYPE="Number"> 36556</MASTERID>
     <VOUCHERKEY TYPE="Number">198049531953160</VOUCHERKEY>
     <VOUCHERRETAINKEY TYPE="Number">29937</VOUCHERRETAINKEY>
     <REUSEHOLEID TYPE="Number">0</REUSEHOLEID>
     <VOUCHERNUMBERSERIES TYPE="String">Default</VOUCHERNUMBERSERIES>
     <ALLINVENTORYENTRIES.LIST>
      <BASICUSERDESCRIPTION.LIST TYPE="String">
       <BASICUSERDESCRIPTION>Gp Is 5509</BASICUSERDESCRIPTION>
      </BASICUSERDESCRIPTION.LIST>
      <ORIGINVOICEDATE/>
      <ORIGSALESINVDATE/>
      <DESCRIPTION/>
      <STOCKITEMNAME>Plywood  2.44 x 1.22  19 mm</STOCKITEMNAME>
      <STATNATURENAME/>
      <EXCISECLASSIFICATIONNAME/>
      <ISZRBASICSERVICE/>
      <STRDGSTDERIVEDLOCATIONTYPE/>
      <STRDGSTDERIVEDTAXABILITY/>
      <STRDGSTDERIVEDNATURETYPE/>
      <STRDGSTDERIVEDSUPPLYTYPE/>
      <GSTOVRDNCLASSIFICATION/>
      <GSTOVRDNNATURE/>
      <GSTOVRDNINELIGIBLEITC/>
      <GSTOVRDNISREVCHARGEAPPL>&#4; Not Applicable</GSTOVRDNISREVCHARGEAPPL>
      <GSTOVRDNTAXABILITY>Taxable</GSTOVRDNTAXABILITY>
      <GSTSOURCETYPE>Stock Item</GSTSOURCETYPE>
      <GSTITEMSOURCE>Plywood  2.44 x 1.22  19 mm</GSTITEMSOURCE>
      <GSTLEDGERSOURCE/>
      <GSTGROUPSOURCE/>
      <GSTSTOCKGROUPSOURCE/>
      <HSNSOURCETYPE>Stock Item</HSNSOURCETYPE>
      <HSNITEMSOURCE>Plywood  2.44 x 1.22  19 mm</HSNITEMSOURCE>
      <HSNLEDGERSOURCE/>
      <HSNGROUPSOURCE/>
      <HSNSTOCKGROUPSOURCE/>
      <GSTOVRDNSTOREDNATURE>&#4; System Inferred</GSTOVRDNSTOREDNATURE>
      <GSTOVRDNTYPEOFSUPPLY>Goods</GSTOVRDNTYPEOFSUPPLY>
      <GSTRATEINFERAPPLICABILITY>As per Masters/Company</GSTRATEINFERAPPLICABILITY>
      <GSTOVRDNNATUREOFGOODS/>
      <GSTHSNNAME>44123190</GSTHSNNAME>
      <GSTHSNDESCRIPTION/>
      <GSTHSNINFERAPPLICABILITY>As per Masters/Company</GSTHSNINFERAPPLICABILITY>
      <HSNOVRDNCLASSIFICATION/>
      <STRDGSTFINALNATUREOFENTRY/>
      <GSTDEPGSTCLASSIFICATION/>
      <GSTDEPHSNCLASSIFICATION/>
      <EXCISETARIFF/>
      <EXCISEEXEMPTION/>
      <TRADERCNSALESNUMBER/>
      <BASICPACKAGEMARKS/>
      <BASICNUMPACKAGES/>
      <SDTAXCLASSIFICATIONNAME/>
      <NATUREOFCOMPONENT/>
      <COMPONENTLISTTYPE/>
      <DISPLAYNATUREOFCOMPONENT/>
      <BOMNAME/>
      <ORIGINVOICENUMBER/>
      <ORIGINVOICEBOOKNAME/>
      <ORIGSALESINVNO/>
      <EXCISERETURNINVOICENO/>
      <REASONOFREJECTION/>
      <EXCISECREDITPARTY/>
      <EXCISECREDITSTKITEM/>
      <EXCISECREDITCATEGORY/>
      <TRADERSUPPLIERINVOICENO/>
      <EXCISESALESINVOICENO/>
      <GSTITEMUQC/>
      <GSTITEMUQCUOM/>
      <ADDLAMOUNT/>
      <ISDEEMEDPOSITIVE>No</ISDEEMEDPOSITIVE>
      <ISGSTASSESSABLEVALUEOVERRIDDEN/>
      <STRDISGSTAPPLICABLE/>
      <CONTENTNEGISPOS/>
      <ISLASTDEEMEDPOSITIVE>No</ISLASTDEEMEDPOSITIVE>
      <ISAUTONEGATE>No</ISAUTONEGATE>
      <ISCUSTOMSCLEARANCE/>
      <ISTRACKCOMPONENT/>
      <ISTRACKPRODUCTION/>
      <ISPRIMARYITEM/>
      <ISSCRAP>No</ISSCRAP>
      <RATE>115.87/sqft</RATE>
      <DISCOUNT>0</DISCOUNT>
      <VATTAXRATE>0</VATTAXRATE>
      <ORIGINVGOODSQTY>0</ORIGINVGOODSQTY>
      <EXCISEMRPABATEMENT>0</EXCISEMRPABATEMENT>
      <ADDLCOSTPERC>0</ADDLCOSTPERC>
      <REVISEDRATEOFDUTY>0</REVISEDRATEOFDUTY>
      <ORIGRATEOFDUTY>0</ORIGRATEOFDUTY>
      <ORIGMRPABATEMENT>0</ORIGMRPABATEMENT>
      <EXCISERETURNDUTYRATE>0</EXCISERETURNDUTYRATE>
      <GVATEXCISERATE>0</GVATEXCISERATE>
      <AMOUNT>37078.40</AMOUNT>
      <EXCISEASSESSABLEVALUE/>
      <CESSASSVALONCLASS/>
      <EIDISCOUNTAMT/>
      <VATASSESSABLEVALUE/>
      <VATWCDEDUCTAMT/>
      <WCTOTALDEDUCTIONAMT/>
      <ORIGINVGOODSVALUE/>
      <GSTOVRDNASSESSABLEVALUE/>
      <GSTASSBLVALUE/>
      <STRDCOMPUTEDASSESSABLEVALUE/>
      <STRDCOMPUTEDIGST/>
      <STRDCOMPUTEDCGST/>
      <STRDCOMPUTEDSGST/>
      <STRDCOMPUTEDCESS/>
      <STRDCOMPUTEDCESSONQTY/>
      <ORIGINVGOODSTAXVALUE/>
      <VATASSBLVALUE/>
      <VATACCEPTEDTAXAMT/>
      <VATACCEPTEDADDLTAXAMT/>
      <STRDAPPRSTATECESSGST/>
      <STRDAPPROPRIATEDDISCOUNT/>
      <STRDEXCISETAX/>
      <VATINPUTTAXCREDIT/>
      <VATELIGIBLECREDIT/>
      <GVATEXCISEAMT/>
      <ACTUALQTY> 10.00 nos =  320.0000 sqft</ACTUALQTY>
      <BILLEDQTY> 10.00 nos =  320.0000 sqft</BILLEDQTY>
      <ORIGACTUALQTY/>
      <ORIGBILLEDQTY/>
      <EXCISERETURNINVOICEQTY/>
      <USABLEQTY/>
      <EXCISECREDITPENDINGQTY/>
      <MRPRATE/>
      <EXCISEMRPRATE/>
      <ORIGRATE/>
      <REVISEDRATE/>
      <ESCALATIONRATE/>
      <ORIGMRPRATE/>
      <ORIGRATEOFQTY/>
      <REVISEDRATEOFQTY/>
      <INCLVATRATE/>
      <BATCHALLOCATIONS.LIST>
       <MFDON/>
       <ORDERYEAREND/>
       <TRACKINGYEAREND/>
       <ORDERPRECLOSUREDATE/>
       <NARRATION/>
       <GODOWNNAME>Main Location</GODOWNNAME>
       <BATCHNAME>Primary Batch</BATCHNAME>
       <DESTINATIONGODOWNNAME/>
       <INDENTNO>&#4; Not Applicable</INDENTNO>
       <ORDERTYPE/>
       <PARENTITEM/>
       <ORDERCLOSUREREASON/>
       <ORDERNO>&#4; Not Applicable</ORDERNO>
       <TRACKINGNUMBER>13010</TRACKINGNUMBER>
       <DYNAMICCSTNO/>
       <DYNAMICCSTPARENTITEM/>
       <SUMDYNAMICCSTNO/>
       <SUMBATCHNAME/>
       <SUMTRACKINGNUMBER/>
       <SUMORDERNO/>
       <SUMINDENTNO/>
       <ADDLAMOUNT/>
       <DYNAMICCSTISCLEARED>No</DYNAMICCSTISCLEARED>
       <TRACKID TYPE="Number"> 47369</TRACKID>
       <BATCHID TYPE="Number"> 24074</BATCHID>
       <BATCHDISCOUNT TYPE="Number">0</BATCHDISCOUNT>
       <AMOUNT>37078.40</AMOUNT>
       <ADDLEXPENSEAMOUNT/>
       <BATCHDIFFVAL/>
       <ACTUALQTY> 10.00 nos =  320.0000 sqft</ACTUALQTY>
       <BILLEDQTY> 10.00 nos =  320.0000 sqft</BILLEDQTY>
       <ORDERPRECLOSUREQTY/>
       <ORIGACTUALQTY/>
       <ORIGBILLEDQTY/>
       <BATCHPHYSDIFF/>
       <ORIGRATE/>
       <REVISEDRATE/>
       <ESCALATIONRATE/>
       <INCLVATRATE/>
       <BATCHRATE TYPE="Rate">115.87/sqft</BATCHRATE>
       <EXPIRYPERIOD/>
       <INDENTDUEDATE/>
       <ORDERDUEDATE/>
       <ADDITIONALDETAILS.LIST>       </ADDITIONALDETAILS.LIST>
       <VOUCHERCOMPONENTLIST.LIST>       </VOUCHERCOMPONENTLIST.LIST>
      </BATCHALLOCATIONS.LIST>
      <ACCOUNTINGALLOCATIONS.LIST>
       <OLDAUDITENTRYIDS.LIST TYPE="Number">
        <OLDAUDITENTRYIDS>-1</OLDAUDITENTRYIDS>
       </OLDAUDITENTRYIDS.LIST>
       <ORIGPURCHINVDATE/>
       <NARRATION/>
       <ADDLALLOCTYPE/>
       <TAXCLASSIFICATIONNAME/>
       <APPROPRIATEFOR/>
       <GSTDUTYHEAD/>
       <GSTAPPROPRIATETO/>
       <NOTIFICATIONSLNO/>
       <EXCISEALLOCTYPE/>
       <SWIFTCODE/>
       <ROUNDTYPE/>
       <LEDGERNAME>Sales Local Taxable - GST 18%</LEDGERNAME>
       <TAXUNITNAME/>
       <STATNATURENAME/>
       <GOODSTYPE/>
       <VATTRADENAME/>
       <METHODTYPE/>
       <CLASSRATE/>
       <STATCLASSIFICATIONNAME/>
       <EXCISECLASSIFICATIONNAME/>
       <ISZRBASICSERVICE/>
       <VATCOMMODITYNAME/>
       <SCHEDULE/>
       <SCHEDULESERIALNUMBER/>
       <VATCOMMODITYCODE/>
       <VATSUBCOMMODITYCODE/>
       <VATMAJORCOMMODITYNAME/>
       <STRDGSTDERIVEDLOCATIONTYPE/>
       <STRDGSTDERIVEDTAXABILITY/>
       <STRDGSTDERIVEDNATURETYPE/>
       <STRDGSTDERIVEDSUPPLYTYPE/>
       <TDSPARTYNAME/>
       <VATPARTYORGNAME/>
       <XBRLADJTYPE/>
       <VOUCHERFBTCATEGORY/>
       <TYPEOFTAXPAYMENT/>
       <VATCALCULATIONTYPE/>
       <VATWORKSCONTRACTTYPE/>
       <VATWCDESCRIPTION/>
       <GSTCLASS>&#4; Not Applicable</GSTCLASS>
       <SCHVIADJTYPE/>
       <GSTOVRDNCLASSIFICATION/>
       <GSTOVRDNNATURE/>
       <GSTOVRDNINELIGIBLEITC/>
       <GSTOVRDNISREVCHARGEAPPL/>
       <GSTOVRDNTAXABILITY/>
       <GSTHSNSACCODE/>
       <GSTSOURCETYPE/>
       <GSTITEMSOURCE/>
       <GSTLEDGERSOURCE/>
       <GSTGROUPSOURCE/>
       <GSTSTOCKGROUPSOURCE/>
       <HSNSOURCETYPE/>
       <HSNITEMSOURCE/>
       <HSNLEDGERSOURCE/>
       <HSNGROUPSOURCE/>
       <HSNSTOCKGROUPSOURCE/>
       <GSTOVRDNSTOREDNATURE/>
       <GSTOVRDNTYPEOFSUPPLY/>
       <GSTRATEINFERAPPLICABILITY/>
       <GSTOVRDNNATUREOFGOODS/>
       <GSTHSNNAME/>
       <GSTHSNDESCRIPTION/>
       <GSTHSNINFERAPPLICABILITY/>
       <HSNOVRDNCLASSIFICATION/>
       <STRDGSTFINALNATUREOFENTRY/>
       <STRDGSTDUTYHEAD/>
       <VATGOODSNATURE/>
       <GSTDEPGSTCLASSIFICATION/>
       <GSTDEPHSNCLASSIFICATION/>
       <POSPAYMENTTYPE/>
       <GSTPARTYLEDGER/>
       <ORIGPURCHPARTY/>
       <ORIGPURCHPARTYADDRESS/>
       <ORIGPURCHINVNO/>
       <ORIGPURCHNOTE/>
       <ISDEEMEDPOSITIVE>No</ISDEEMEDPOSITIVE>
       <LEDGERFROMITEM>No</LEDGERFROMITEM>
       <REMOVEZEROENTRIES/>
       <ISPARTYLEDGER>No</ISPARTYLEDGER>
       <GSTOVERRIDDEN>No</GSTOVERRIDDEN>
       <ISGSTASSESSABLEVALUEOVERRIDDEN>No</ISGSTASSESSABLEVALUEOVERRIDDEN>
       <STRDISGSTAPPLICABLE>No</STRDISGSTAPPLICABLE>
       <STRDGSTISPARTYLEDGER>No</STRDGSTISPARTYLEDGER>
       <STRDGSTISDUTYLEDGER>No</STRDGSTISDUTYLEDGER>
       <CONTENTNEGISPOS/>
       <ISLASTDEEMEDPOSITIVE>No</ISLASTDEEMEDPOSITIVE>
       <ISCAPVATTAXALTERED/>
       <ISCAPVATNOTCLAIMED>No</ISCAPVATNOTCLAIMED>
       <STCRADJPERCENT>0</STCRADJPERCENT>
       <ROUNDLIMIT>0</ROUNDLIMIT>
       <RATEOFADDLVAT>0</RATEOFADDLVAT>
       <RATEOFCESSONVAT>0</RATEOFCESSONVAT>
       <VATTAXRATE>0</VATTAXRATE>
       <VATITEMQTY>0</VATITEMQTY>
       <VATWCDEDUCTRATE>0</VATWCDEDUCTRATE>
       <PREVINVTOTALNUM>0</PREVINVTOTALNUM>
       <VATWCDEDUCTIONRATE>0</VATWCDEDUCTIONRATE>
       <GSTTAXRATE>0</GSTTAXRATE>
       <ORIGINVGOODSQTY>0</ORIGINVGOODSQTY>
       <CAPVATTAXRATE>0</CAPVATTAXRATE>
       <AMOUNT>37078.40</AMOUNT>
       <CESSASSVALONCLASS/>
       <ADDNLVATCLASSAMT/>
       <EIDISCOUNTAMT/>
       <FBTEXEMPTAMOUNT/>
       <VATASSESSABLEVALUE/>
       <VATWCCOSTOFLAND/>
       <VATWCDEDLABOURCHARGES/>
       <VATWCOTHERDEDUCTIONAMT/>
       <VATWCVALUEOFTAXFREEGOODS/>
       <VATWCOTHERCHARGES/>
       <VATWCSUBCONTRACTORAMT/>
       <VATWCDEDUCTAMT/>
       <WCTOTALDEDUCTIONAMT/>
       <PREVAMOUNT/>
       <PREVINVTOTALAMT/>
       <VATWCDEDUCTIONAMOUNT/>
       <ORIGINVGOODSVALUE/>
       <CENVATCAPTINPUTAMT/>
       <GSTASSESSABLEVALUE/>
       <IGSTLIABILITY/>
       <CGSTLIABILITY/>
       <SGSTLIABILITY/>
       <GSTCESSLIABILITY/>
       <GSTOVRDNASSESSABLEVALUE/>
       <GSTASSBLVALUE/>
       <STRDCOMPUTEDASSESSABLEVALUE/>
       <STRDCOMPUTEDIGST/>
       <STRDCOMPUTEDCGST/>
       <STRDCOMPUTEDSGST/>
       <STRDCOMPUTEDCESS/>
       <STRDCOMPUTEDCESSONQTY/>
       <ORIGINVGOODSTAXVALUE/>
       <VATWCESTABLISHMENTCOST/>
       <VATWCCONTRACTORPROFIT/>
       <VATWCPLANNINGDESIGNFEES/>
       <VATWCMACHINERYTOOLSCHARGES/>
       <VATWCCONSUMABLESCOST/>
       <VATEXPAMOUNT/>
       <VATASSBLVALUE/>
       <VATACCEPTEDTAXAMT/>
       <VATACCEPTEDADDLTAXAMT/>
       <CASHRECEIVED/>
       <CAPVATASSEABLEVALUE/>
       <CAPVATTAXVALUE/>
       <ORIGPURCHVALUE/>
       <SUPPLYMARGVAL/>
       <STRDAPPRSTATECESSGST/>
       <STRDAPPROPRIATEDDISCOUNT/>
       <STRDEXCISETAX/>
       <SERVICETAXDETAILS.LIST>       </SERVICETAXDETAILS.LIST>
       <BANKALLOCATIONS.LIST>       </BANKALLOCATIONS.LIST>
       <BILLALLOCATIONS.LIST>       </BILLALLOCATIONS.LIST>
       <INTERESTCOLLECTION.LIST>       </INTERESTCOLLECTION.LIST>
       <OLDAUDITENTRIES.LIST>       </OLDAUDITENTRIES.LIST>
       <ACCOUNTAUDITENTRIES.LIST>       </ACCOUNTAUDITENTRIES.LIST>
       <AUDITENTRIES.LIST>       </AUDITENTRIES.LIST>
       <INPUTCRALLOCS.LIST>       </INPUTCRALLOCS.LIST>
       <DUTYHEADDETAILS.LIST>       </DUTYHEADDETAILS.LIST>
       <EXCISEDUTYHEADDETAILS.LIST>       </EXCISEDUTYHEADDETAILS.LIST>
       <RATEDETAILS.LIST>       </RATEDETAILS.LIST>
       <SUMMARYALLOCS.LIST>       </SUMMARYALLOCS.LIST>
       <CENVATDUTYALLOCATIONS.LIST>       </CENVATDUTYALLOCATIONS.LIST>
       <STPYMTDETAILS.LIST>       </STPYMTDETAILS.LIST>
       <EXCISEPAYMENTALLOCATIONS.LIST>       </EXCISEPAYMENTALLOCATIONS.LIST>
       <TAXBILLALLOCATIONS.LIST>       </TAXBILLALLOCATIONS.LIST>
       <TAXOBJECTALLOCATIONS.LIST>       </TAXOBJECTALLOCATIONS.LIST>
       <TDSEXPENSEALLOCATIONS.LIST>       </TDSEXPENSEALLOCATIONS.LIST>
       <VATSTATUTORYDETAILS.LIST>       </VATSTATUTORYDETAILS.LIST>
       <COSTTRACKALLOCATIONS.LIST>       </COSTTRACKALLOCATIONS.LIST>
       <REFVOUCHERDETAILS.LIST>       </REFVOUCHERDETAILS.LIST>
       <INVOICEWISEDETAILS.LIST>       </INVOICEWISEDETAILS.LIST>
       <VATITCDETAILS.LIST>       </VATITCDETAILS.LIST>
       <ADVANCETAXDETAILS.LIST>       </ADVANCETAXDETAILS.LIST>
       <TAXTYPEALLOCATIONS.LIST>       </TAXTYPEALLOCATIONS.LIST>
      </ACCOUNTINGALLOCATIONS.LIST>
      <DUTYHEADDETAILS.LIST>      </DUTYHEADDETAILS.LIST>
      <RATEDETAILS.LIST>
       <GSTRATEDUTYHEAD>CGST</GSTRATEDUTYHEAD>
       <GSTRATEVALUATIONTYPE>Based on Value</GSTRATEVALUATIONTYPE>
       <GSTRATE> 9</GSTRATE>
       <GSTRATEPERUNIT>0</GSTRATEPERUNIT>
      </RATEDETAILS.LIST>
      <RATEDETAILS.LIST>
       <GSTRATEDUTYHEAD>SGST/UTGST</GSTRATEDUTYHEAD>
       <GSTRATEVALUATIONTYPE>Based on Value</GSTRATEVALUATIONTYPE>
       <GSTRATE> 9</GSTRATE>
       <GSTRATEPERUNIT>0</GSTRATEPERUNIT>
      </RATEDETAILS.LIST>
      <RATEDETAILS.LIST>
       <GSTRATEDUTYHEAD>IGST</GSTRATEDUTYHEAD>
       <GSTRATEVALUATIONTYPE>Based on Value</GSTRATEVALUATIONTYPE>
       <GSTRATE> 18</GSTRATE>
       <GSTRATEPERUNIT>0</GSTRATEPERUNIT>
      </RATEDETAILS.LIST>
      <RATEDETAILS.LIST>
       <GSTRATEDUTYHEAD>Cess</GSTRATEDUTYHEAD>
       <GSTRATEVALUATIONTYPE>&#4; Not Applicable</GSTRATEVALUATIONTYPE>
       <GSTRATE>0</GSTRATE>
       <GSTRATEPERUNIT>0</GSTRATEPERUNIT>
      </RATEDETAILS.LIST>
      <RATEDETAILS.LIST>
       <GSTRATEDUTYHEAD>State Cess</GSTRATEDUTYHEAD>
       <GSTRATEVALUATIONTYPE>Based on Value</GSTRATEVALUATIONTYPE>
       <GSTRATE>0</GSTRATE>
       <GSTRATEPERUNIT>0</GSTRATEPERUNIT>
      </RATEDETAILS.LIST>
      <SUPPLEMENTARYDUTYHEADDETAILS.LIST>      </SUPPLEMENTARYDUTYHEADDETAILS.LIST>
      <TAXOBJECTALLOCATIONS.LIST>      </TAXOBJECTALLOCATIONS.LIST>
      <REFVOUCHERDETAILS.LIST>      </REFVOUCHERDETAILS.LIST>
      <EXCISEALLOCATIONS.LIST>      </EXCISEALLOCATIONS.LIST>
      <EXPENSEALLOCATIONS.LIST>      </EXPENSEALLOCATIONS.LIST>
     </ALLINVENTORYENTRIES.LIST>
     <ALLINVENTORYENTRIES.LIST>
      <BASICUSERDESCRIPTION.LIST TYPE="String">
       <BASICUSERDESCRIPTION>Gp Is 5509</BASICUSERDESCRIPTION>
      </BASICUSERDESCRIPTION.LIST>
      <ORIGINVOICEDATE/>
      <ORIGSALESINVDATE/>
      <DESCRIPTION/>
      <STOCKITEMNAME>Plywood 2.44 x 1.22 12 mm</STOCKITEMNAME>
      <STATNATURENAME/>
      <EXCISECLASSIFICATIONNAME/>
      <ISZRBASICSERVICE/>
      <STRDGSTDERIVEDLOCATIONTYPE/>
      <STRDGSTDERIVEDTAXABILITY/>
      <STRDGSTDERIVEDNATURETYPE/>
      <STRDGSTDERIVEDSUPPLYTYPE/>
      <GSTOVRDNCLASSIFICATION/>
      <GSTOVRDNNATURE/>
      <GSTOVRDNINELIGIBLEITC/>
      <GSTOVRDNISREVCHARGEAPPL>&#4; Not Applicable</GSTOVRDNISREVCHARGEAPPL>
      <GSTOVRDNTAXABILITY>Taxable</GSTOVRDNTAXABILITY>
      <GSTSOURCETYPE>Stock Item</GSTSOURCETYPE>
      <GSTITEMSOURCE>Plywood 2.44 x 1.22 12 mm</GSTITEMSOURCE>
      <GSTLEDGERSOURCE/>
      <GSTGROUPSOURCE/>
      <GSTSTOCKGROUPSOURCE/>
      <HSNSOURCETYPE>Stock Item</HSNSOURCETYPE>
      <HSNITEMSOURCE>Plywood 2.44 x 1.22 12 mm</HSNITEMSOURCE>
      <HSNLEDGERSOURCE/>
      <HSNGROUPSOURCE/>
      <HSNSTOCKGROUPSOURCE/>
      <GSTOVRDNSTOREDNATURE>&#4; System Inferred</GSTOVRDNSTOREDNATURE>
      <GSTOVRDNTYPEOFSUPPLY>Goods</GSTOVRDNTYPEOFSUPPLY>
      <GSTRATEINFERAPPLICABILITY>As per Masters/Company</GSTRATEINFERAPPLICABILITY>
      <GSTOVRDNNATUREOFGOODS/>
      <GSTHSNNAME>44123190</GSTHSNNAME>
      <GSTHSNDESCRIPTION/>
      <GSTHSNINFERAPPLICABILITY>As per Masters/Company</GSTHSNINFERAPPLICABILITY>
      <HSNOVRDNCLASSIFICATION/>
      <STRDGSTFINALNATUREOFENTRY/>
      <GSTDEPGSTCLASSIFICATION/>
      <GSTDEPHSNCLASSIFICATION/>
      <EXCISETARIFF/>
      <EXCISEEXEMPTION/>
      <TRADERCNSALESNUMBER/>
      <BASICPACKAGEMARKS/>
      <BASICNUMPACKAGES/>
      <SDTAXCLASSIFICATIONNAME/>
      <NATUREOFCOMPONENT/>
      <COMPONENTLISTTYPE/>
      <DISPLAYNATUREOFCOMPONENT/>
      <BOMNAME/>
      <ORIGINVOICENUMBER/>
      <ORIGINVOICEBOOKNAME/>
      <ORIGSALESINVNO/>
      <EXCISERETURNINVOICENO/>
      <REASONOFREJECTION/>
      <EXCISECREDITPARTY/>
      <EXCISECREDITSTKITEM/>
      <EXCISECREDITCATEGORY/>
      <TRADERSUPPLIERINVOICENO/>
      <EXCISESALESINVOICENO/>
      <GSTITEMUQC/>
      <GSTITEMUQCUOM/>
      <ADDLAMOUNT/>
      <ISDEEMEDPOSITIVE>No</ISDEEMEDPOSITIVE>
      <ISGSTASSESSABLEVALUEOVERRIDDEN/>
      <STRDISGSTAPPLICABLE/>
      <CONTENTNEGISPOS/>
      <ISLASTDEEMEDPOSITIVE>No</ISLASTDEEMEDPOSITIVE>
      <ISAUTONEGATE>No</ISAUTONEGATE>
      <ISCUSTOMSCLEARANCE/>
      <ISTRACKCOMPONENT/>
      <ISTRACKPRODUCTION/>
      <ISPRIMARYITEM/>
      <ISSCRAP>No</ISSCRAP>
      <RATE>80.81/sqft</RATE>
      <DISCOUNT>0</DISCOUNT>
      <VATTAXRATE>0</VATTAXRATE>
      <ORIGINVGOODSQTY>0</ORIGINVGOODSQTY>
      <EXCISEMRPABATEMENT>0</EXCISEMRPABATEMENT>
      <ADDLCOSTPERC>0</ADDLCOSTPERC>
      <REVISEDRATEOFDUTY>0</REVISEDRATEOFDUTY>
      <ORIGRATEOFDUTY>0</ORIGRATEOFDUTY>
      <ORIGMRPABATEMENT>0</ORIGMRPABATEMENT>
      <EXCISERETURNDUTYRATE>0</EXCISERETURNDUTYRATE>
      <GVATEXCISERATE>0</GVATEXCISERATE>
      <AMOUNT>12929.60</AMOUNT>
      <EXCISEASSESSABLEVALUE/>
      <CESSASSVALONCLASS/>
      <EIDISCOUNTAMT/>
      <VATASSESSABLEVALUE/>
      <VATWCDEDUCTAMT/>
      <WCTOTALDEDUCTIONAMT/>
      <ORIGINVGOODSVALUE/>
      <GSTOVRDNASSESSABLEVALUE/>
      <GSTASSBLVALUE/>
      <STRDCOMPUTEDASSESSABLEVALUE/>
      <STRDCOMPUTEDIGST/>
      <STRDCOMPUTEDCGST/>
      <STRDCOMPUTEDSGST/>
      <STRDCOMPUTEDCESS/>
      <STRDCOMPUTEDCESSONQTY/>
      <ORIGINVGOODSTAXVALUE/>
      <VATASSBLVALUE/>
      <VATACCEPTEDTAXAMT/>
      <VATACCEPTEDADDLTAXAMT/>
      <STRDAPPRSTATECESSGST/>
      <STRDAPPROPRIATEDDISCOUNT/>
      <STRDEXCISETAX/>
      <VATINPUTTAXCREDIT/>
      <VATELIGIBLECREDIT/>
      <GVATEXCISEAMT/>
      <ACTUALQTY> 5.00 nos =  160.0000 sqft</ACTUALQTY>
      <BILLEDQTY> 5.00 nos =  160.0000 sqft</BILLEDQTY>
      <ORIGACTUALQTY/>
      <ORIGBILLEDQTY/>
      <EXCISERETURNINVOICEQTY/>
      <USABLEQTY/>
      <EXCISECREDITPENDINGQTY/>
      <MRPRATE/>
      <EXCISEMRPRATE/>
      <ORIGRATE/>
      <REVISEDRATE/>
      <ESCALATIONRATE/>
      <ORIGMRPRATE/>
      <ORIGRATEOFQTY/>
      <REVISEDRATEOFQTY/>
      <INCLVATRATE/>
      <BATCHALLOCATIONS.LIST>
       <MFDON/>
       <ORDERYEAREND/>
       <TRACKINGYEAREND/>
       <ORDERPRECLOSUREDATE/>
       <NARRATION/>
       <GODOWNNAME>Main Location</GODOWNNAME>
       <BATCHNAME>Primary Batch</BATCHNAME>
       <DESTINATIONGODOWNNAME/>
       <INDENTNO>&#4; Not Applicable</INDENTNO>
       <ORDERTYPE/>
       <PARENTITEM/>
       <ORDERCLOSUREREASON/>
       <ORDERNO>&#4; Not Applicable</ORDERNO>
       <TRACKINGNUMBER>13010</TRACKINGNUMBER>
       <DYNAMICCSTNO/>
       <DYNAMICCSTPARENTITEM/>
       <SUMDYNAMICCSTNO/>
       <SUMBATCHNAME/>
       <SUMTRACKINGNUMBER/>
       <SUMORDERNO/>
       <SUMINDENTNO/>
       <ADDLAMOUNT/>
       <DYNAMICCSTISCLEARED>No</DYNAMICCSTISCLEARED>
       <TRACKID TYPE="Number"> 47370</TRACKID>
       <BATCHID TYPE="Number"> 24077</BATCHID>
       <BATCHDISCOUNT TYPE="Number">0</BATCHDISCOUNT>
       <AMOUNT>12929.60</AMOUNT>
       <ADDLEXPENSEAMOUNT/>
       <BATCHDIFFVAL/>
       <ACTUALQTY> 5.00 nos =  160.0000 sqft</ACTUALQTY>
       <BILLEDQTY> 5.00 nos =  160.0000 sqft</BILLEDQTY>
       <ORDERPRECLOSUREQTY/>
       <ORIGACTUALQTY/>
       <ORIGBILLEDQTY/>
       <BATCHPHYSDIFF/>
       <ORIGRATE/>
       <REVISEDRATE/>
       <ESCALATIONRATE/>
       <INCLVATRATE/>
       <BATCHRATE TYPE="Rate">80.81/sqft</BATCHRATE>
       <EXPIRYPERIOD/>
       <INDENTDUEDATE/>
       <ORDERDUEDATE/>
       <ADDITIONALDETAILS.LIST>       </ADDITIONALDETAILS.LIST>
       <VOUCHERCOMPONENTLIST.LIST>       </VOUCHERCOMPONENTLIST.LIST>
      </BATCHALLOCATIONS.LIST>
      <ACCOUNTINGALLOCATIONS.LIST>
       <OLDAUDITENTRYIDS.LIST TYPE="Number">
        <OLDAUDITENTRYIDS>-1</OLDAUDITENTRYIDS>
       </OLDAUDITENTRYIDS.LIST>
       <ORIGPURCHINVDATE/>
       <NARRATION/>
       <ADDLALLOCTYPE/>
       <TAXCLASSIFICATIONNAME/>
       <APPROPRIATEFOR/>
       <GSTDUTYHEAD/>
       <GSTAPPROPRIATETO/>
       <NOTIFICATIONSLNO/>
       <EXCISEALLOCTYPE/>
       <SWIFTCODE/>
       <ROUNDTYPE/>
       <LEDGERNAME>Sales Local Taxable - GST 18%</LEDGERNAME>
       <TAXUNITNAME/>
       <STATNATURENAME/>
       <GOODSTYPE/>
       <VATTRADENAME/>
       <METHODTYPE/>
       <CLASSRATE/>
       <STATCLASSIFICATIONNAME/>
       <EXCISECLASSIFICATIONNAME/>
       <ISZRBASICSERVICE/>
       <VATCOMMODITYNAME/>
       <SCHEDULE/>
       <SCHEDULESERIALNUMBER/>
       <VATCOMMODITYCODE/>
       <VATSUBCOMMODITYCODE/>
       <VATMAJORCOMMODITYNAME/>
       <STRDGSTDERIVEDLOCATIONTYPE/>
       <STRDGSTDERIVEDTAXABILITY/>
       <STRDGSTDERIVEDNATURETYPE/>
       <STRDGSTDERIVEDSUPPLYTYPE/>
       <TDSPARTYNAME/>
       <VATPARTYORGNAME/>
       <XBRLADJTYPE/>
       <VOUCHERFBTCATEGORY/>
       <TYPEOFTAXPAYMENT/>
       <VATCALCULATIONTYPE/>
       <VATWORKSCONTRACTTYPE/>
       <VATWCDESCRIPTION/>
       <GSTCLASS>&#4; Not Applicable</GSTCLASS>
       <SCHVIADJTYPE/>
       <GSTOVRDNCLASSIFICATION/>
       <GSTOVRDNNATURE/>
       <GSTOVRDNINELIGIBLEITC/>
       <GSTOVRDNISREVCHARGEAPPL/>
       <GSTOVRDNTAXABILITY/>
       <GSTHSNSACCODE/>
       <GSTSOURCETYPE/>
       <GSTITEMSOURCE/>
       <GSTLEDGERSOURCE/>
       <GSTGROUPSOURCE/>
       <GSTSTOCKGROUPSOURCE/>
       <HSNSOURCETYPE/>
       <HSNITEMSOURCE/>
       <HSNLEDGERSOURCE/>
       <HSNGROUPSOURCE/>
       <HSNSTOCKGROUPSOURCE/>
       <GSTOVRDNSTOREDNATURE/>
       <GSTOVRDNTYPEOFSUPPLY/>
       <GSTRATEINFERAPPLICABILITY/>
       <GSTOVRDNNATUREOFGOODS/>
       <GSTHSNNAME/>
       <GSTHSNDESCRIPTION/>
       <GSTHSNINFERAPPLICABILITY/>
       <HSNOVRDNCLASSIFICATION/>
       <STRDGSTFINALNATUREOFENTRY/>
       <STRDGSTDUTYHEAD/>
       <VATGOODSNATURE/>
       <GSTDEPGSTCLASSIFICATION/>
       <GSTDEPHSNCLASSIFICATION/>
       <POSPAYMENTTYPE/>
       <GSTPARTYLEDGER/>
       <ORIGPURCHPARTY/>
       <ORIGPURCHPARTYADDRESS/>
       <ORIGPURCHINVNO/>
       <ORIGPURCHNOTE/>
       <ISDEEMEDPOSITIVE>No</ISDEEMEDPOSITIVE>
       <LEDGERFROMITEM>No</LEDGERFROMITEM>
       <REMOVEZEROENTRIES/>
       <ISPARTYLEDGER>No</ISPARTYLEDGER>
       <GSTOVERRIDDEN>No</GSTOVERRIDDEN>
       <ISGSTASSESSABLEVALUEOVERRIDDEN>No</ISGSTASSESSABLEVALUEOVERRIDDEN>
       <STRDISGSTAPPLICABLE>No</STRDISGSTAPPLICABLE>
       <STRDGSTISPARTYLEDGER>No</STRDGSTISPARTYLEDGER>
       <STRDGSTISDUTYLEDGER>No</STRDGSTISDUTYLEDGER>
       <CONTENTNEGISPOS/>
       <ISLASTDEEMEDPOSITIVE>No</ISLASTDEEMEDPOSITIVE>
       <ISCAPVATTAXALTERED/>
       <ISCAPVATNOTCLAIMED>No</ISCAPVATNOTCLAIMED>
       <STCRADJPERCENT>0</STCRADJPERCENT>
       <ROUNDLIMIT>0</ROUNDLIMIT>
       <RATEOFADDLVAT>0</RATEOFADDLVAT>
       <RATEOFCESSONVAT>0</RATEOFCESSONVAT>
       <VATTAXRATE>0</VATTAXRATE>
       <VATITEMQTY>0</VATITEMQTY>
       <VATWCDEDUCTRATE>0</VATWCDEDUCTRATE>
       <PREVINVTOTALNUM>0</PREVINVTOTALNUM>
       <VATWCDEDUCTIONRATE>0</VATWCDEDUCTIONRATE>
       <GSTTAXRATE>0</GSTTAXRATE>
       <ORIGINVGOODSQTY>0</ORIGINVGOODSQTY>
       <CAPVATTAXRATE>0</CAPVATTAXRATE>
       <AMOUNT>12929.60</AMOUNT>
       <CESSASSVALONCLASS/>
       <ADDNLVATCLASSAMT/>
       <EIDISCOUNTAMT/>
       <FBTEXEMPTAMOUNT/>
       <VATASSESSABLEVALUE/>
       <VATWCCOSTOFLAND/>
       <VATWCDEDLABOURCHARGES/>
       <VATWCOTHERDEDUCTIONAMT/>
       <VATWCVALUEOFTAXFREEGOODS/>
       <VATWCOTHERCHARGES/>
       <VATWCSUBCONTRACTORAMT/>
       <VATWCDEDUCTAMT/>
       <WCTOTALDEDUCTIONAMT/>
       <PREVAMOUNT/>
       <PREVINVTOTALAMT/>
       <VATWCDEDUCTIONAMOUNT/>
       <ORIGINVGOODSVALUE/>
       <CENVATCAPTINPUTAMT/>
       <GSTASSESSABLEVALUE/>
       <IGSTLIABILITY/>
       <CGSTLIABILITY/>
       <SGSTLIABILITY/>
       <GSTCESSLIABILITY/>
       <GSTOVRDNASSESSABLEVALUE/>
       <GSTASSBLVALUE/>
       <STRDCOMPUTEDASSESSABLEVALUE/>
       <STRDCOMPUTEDIGST/>
       <STRDCOMPUTEDCGST/>
       <STRDCOMPUTEDSGST/>
       <STRDCOMPUTEDCESS/>
       <STRDCOMPUTEDCESSONQTY/>
       <ORIGINVGOODSTAXVALUE/>
       <VATWCESTABLISHMENTCOST/>
       <VATWCCONTRACTORPROFIT/>
       <VATWCPLANNINGDESIGNFEES/>
       <VATWCMACHINERYTOOLSCHARGES/>
       <VATWCCONSUMABLESCOST/>
       <VATEXPAMOUNT/>
       <VATASSBLVALUE/>
       <VATACCEPTEDTAXAMT/>
       <VATACCEPTEDADDLTAXAMT/>
       <CASHRECEIVED/>
       <CAPVATASSEABLEVALUE/>
       <CAPVATTAXVALUE/>
       <ORIGPURCHVALUE/>
       <SUPPLYMARGVAL/>
       <STRDAPPRSTATECESSGST/>
       <STRDAPPROPRIATEDDISCOUNT/>
       <STRDEXCISETAX/>
       <SERVICETAXDETAILS.LIST>       </SERVICETAXDETAILS.LIST>
       <BANKALLOCATIONS.LIST>       </BANKALLOCATIONS.LIST>
       <BILLALLOCATIONS.LIST>       </BILLALLOCATIONS.LIST>
       <INTERESTCOLLECTION.LIST>       </INTERESTCOLLECTION.LIST>
       <OLDAUDITENTRIES.LIST>       </OLDAUDITENTRIES.LIST>
       <ACCOUNTAUDITENTRIES.LIST>       </ACCOUNTAUDITENTRIES.LIST>
       <AUDITENTRIES.LIST>       </AUDITENTRIES.LIST>
       <INPUTCRALLOCS.LIST>       </INPUTCRALLOCS.LIST>
       <DUTYHEADDETAILS.LIST>       </DUTYHEADDETAILS.LIST>
       <EXCISEDUTYHEADDETAILS.LIST>       </EXCISEDUTYHEADDETAILS.LIST>
       <RATEDETAILS.LIST>       </RATEDETAILS.LIST>
       <SUMMARYALLOCS.LIST>       </SUMMARYALLOCS.LIST>
       <CENVATDUTYALLOCATIONS.LIST>       </CENVATDUTYALLOCATIONS.LIST>
       <STPYMTDETAILS.LIST>       </STPYMTDETAILS.LIST>
       <EXCISEPAYMENTALLOCATIONS.LIST>       </EXCISEPAYMENTALLOCATIONS.LIST>
       <TAXBILLALLOCATIONS.LIST>       </TAXBILLALLOCATIONS.LIST>
       <TAXOBJECTALLOCATIONS.LIST>       </TAXOBJECTALLOCATIONS.LIST>
       <TDSEXPENSEALLOCATIONS.LIST>       </TDSEXPENSEALLOCATIONS.LIST>
       <VATSTATUTORYDETAILS.LIST>       </VATSTATUTORYDETAILS.LIST>
       <COSTTRACKALLOCATIONS.LIST>       </COSTTRACKALLOCATIONS.LIST>
       <REFVOUCHERDETAILS.LIST>       </REFVOUCHERDETAILS.LIST>
       <INVOICEWISEDETAILS.LIST>       </INVOICEWISEDETAILS.LIST>
       <VATITCDETAILS.LIST>       </VATITCDETAILS.LIST>
       <ADVANCETAXDETAILS.LIST>       </ADVANCETAXDETAILS.LIST>
       <TAXTYPEALLOCATIONS.LIST>       </TAXTYPEALLOCATIONS.LIST>
      </ACCOUNTINGALLOCATIONS.LIST>
      <DUTYHEADDETAILS.LIST>      </DUTYHEADDETAILS.LIST>
      <RATEDETAILS.LIST>
       <GSTRATEDUTYHEAD>CGST</GSTRATEDUTYHEAD>
       <GSTRATEVALUATIONTYPE>Based on Value</GSTRATEVALUATIONTYPE>
       <GSTRATE> 9</GSTRATE>
       <GSTRATEPERUNIT>0</GSTRATEPERUNIT>
      </RATEDETAILS.LIST>
      <RATEDETAILS.LIST>
       <GSTRATEDUTYHEAD>SGST/UTGST</GSTRATEDUTYHEAD>
       <GSTRATEVALUATIONTYPE>Based on Value</GSTRATEVALUATIONTYPE>
       <GSTRATE> 9</GSTRATE>
       <GSTRATEPERUNIT>0</GSTRATEPERUNIT>
      </RATEDETAILS.LIST>
      <RATEDETAILS.LIST>
       <GSTRATEDUTYHEAD>IGST</GSTRATEDUTYHEAD>
       <GSTRATEVALUATIONTYPE>Based on Value</GSTRATEVALUATIONTYPE>
       <GSTRATE> 18</GSTRATE>
       <GSTRATEPERUNIT>0</GSTRATEPERUNIT>
      </RATEDETAILS.LIST>
      <RATEDETAILS.LIST>
       <GSTRATEDUTYHEAD>Cess</GSTRATEDUTYHEAD>
       <GSTRATEVALUATIONTYPE>&#4; Not Applicable</GSTRATEVALUATIONTYPE>
       <GSTRATE>0</GSTRATE>
       <GSTRATEPERUNIT>0</GSTRATEPERUNIT>
      </RATEDETAILS.LIST>
      <RATEDETAILS.LIST>
       <GSTRATEDUTYHEAD>State Cess</GSTRATEDUTYHEAD>
       <GSTRATEVALUATIONTYPE>Based on Value</GSTRATEVALUATIONTYPE>
       <GSTRATE>0</GSTRATE>
       <GSTRATEPERUNIT>0</GSTRATEPERUNIT>
      </RATEDETAILS.LIST>
      <SUPPLEMENTARYDUTYHEADDETAILS.LIST>      </SUPPLEMENTARYDUTYHEADDETAILS.LIST>
      <TAXOBJECTALLOCATIONS.LIST>      </TAXOBJECTALLOCATIONS.LIST>
      <REFVOUCHERDETAILS.LIST>      </REFVOUCHERDETAILS.LIST>
      <EXCISEALLOCATIONS.LIST>      </EXCISEALLOCATIONS.LIST>
      <EXPENSEALLOCATIONS.LIST>      </EXPENSEALLOCATIONS.LIST>
     </ALLINVENTORYENTRIES.LIST>
     <ALLINVENTORYENTRIES.LIST>
      <BASICUSERDESCRIPTION.LIST TYPE="String">
       <BASICUSERDESCRIPTION>Gp Is 5509</BASICUSERDESCRIPTION>
      </BASICUSERDESCRIPTION.LIST>
      <ORIGINVOICEDATE/>
      <ORIGSALESINVDATE/>
      <DESCRIPTION/>
      <STOCKITEMNAME>Plywood  2.44 x 1.22  8mm</STOCKITEMNAME>
      <STATNATURENAME/>
      <EXCISECLASSIFICATIONNAME/>
      <ISZRBASICSERVICE/>
      <STRDGSTDERIVEDLOCATIONTYPE/>
      <STRDGSTDERIVEDTAXABILITY/>
      <STRDGSTDERIVEDNATURETYPE/>
      <STRDGSTDERIVEDSUPPLYTYPE/>
      <GSTOVRDNCLASSIFICATION/>
      <GSTOVRDNNATURE/>
      <GSTOVRDNINELIGIBLEITC/>
      <GSTOVRDNISREVCHARGEAPPL>&#4; Not Applicable</GSTOVRDNISREVCHARGEAPPL>
      <GSTOVRDNTAXABILITY>Taxable</GSTOVRDNTAXABILITY>
      <GSTSOURCETYPE>Stock Item</GSTSOURCETYPE>
      <GSTITEMSOURCE>Plywood  2.44 x 1.22  8mm</GSTITEMSOURCE>
      <GSTLEDGERSOURCE/>
      <GSTGROUPSOURCE/>
      <GSTSTOCKGROUPSOURCE/>
      <HSNSOURCETYPE>Stock Item</HSNSOURCETYPE>
      <HSNITEMSOURCE>Plywood  2.44 x 1.22  8mm</HSNITEMSOURCE>
      <HSNLEDGERSOURCE/>
      <HSNGROUPSOURCE/>
      <HSNSTOCKGROUPSOURCE/>
      <GSTOVRDNSTOREDNATURE>&#4; System Inferred</GSTOVRDNSTOREDNATURE>
      <GSTOVRDNTYPEOFSUPPLY>Goods</GSTOVRDNTYPEOFSUPPLY>
      <GSTRATEINFERAPPLICABILITY>As per Masters/Company</GSTRATEINFERAPPLICABILITY>
      <GSTOVRDNNATUREOFGOODS/>
      <GSTHSNNAME>44123190</GSTHSNNAME>
      <GSTHSNDESCRIPTION/>
      <GSTHSNINFERAPPLICABILITY>As per Masters/Company</GSTHSNINFERAPPLICABILITY>
      <HSNOVRDNCLASSIFICATION/>
      <STRDGSTFINALNATUREOFENTRY/>
      <GSTDEPGSTCLASSIFICATION/>
      <GSTDEPHSNCLASSIFICATION/>
      <EXCISETARIFF/>
      <EXCISEEXEMPTION/>
      <TRADERCNSALESNUMBER/>
      <BASICPACKAGEMARKS/>
      <BASICNUMPACKAGES/>
      <SDTAXCLASSIFICATIONNAME/>
      <NATUREOFCOMPONENT/>
      <COMPONENTLISTTYPE/>
      <DISPLAYNATUREOFCOMPONENT/>
      <BOMNAME/>
      <ORIGINVOICENUMBER/>
      <ORIGINVOICEBOOKNAME/>
      <ORIGSALESINVNO/>
      <EXCISERETURNINVOICENO/>
      <REASONOFREJECTION/>
      <EXCISECREDITPARTY/>
      <EXCISECREDITSTKITEM/>
      <EXCISECREDITCATEGORY/>
      <TRADERSUPPLIERINVOICENO/>
      <EXCISESALESINVOICENO/>
      <GSTITEMUQC/>
      <GSTITEMUQCUOM/>
      <ADDLAMOUNT/>
      <ISDEEMEDPOSITIVE>No</ISDEEMEDPOSITIVE>
      <ISGSTASSESSABLEVALUEOVERRIDDEN/>
      <STRDISGSTAPPLICABLE/>
      <CONTENTNEGISPOS/>
      <ISLASTDEEMEDPOSITIVE>No</ISLASTDEEMEDPOSITIVE>
      <ISAUTONEGATE>No</ISAUTONEGATE>
      <ISCUSTOMSCLEARANCE/>
      <ISTRACKCOMPONENT/>
      <ISTRACKPRODUCTION/>
      <ISPRIMARYITEM/>
      <ISSCRAP>No</ISSCRAP>
      <RATE>66.00/sqft</RATE>
      <DISCOUNT>0</DISCOUNT>
      <VATTAXRATE>0</VATTAXRATE>
      <ORIGINVGOODSQTY>0</ORIGINVGOODSQTY>
      <EXCISEMRPABATEMENT>0</EXCISEMRPABATEMENT>
      <ADDLCOSTPERC>0</ADDLCOSTPERC>
      <REVISEDRATEOFDUTY>0</REVISEDRATEOFDUTY>
      <ORIGRATEOFDUTY>0</ORIGRATEOFDUTY>
      <ORIGMRPABATEMENT>0</ORIGMRPABATEMENT>
      <EXCISERETURNDUTYRATE>0</EXCISERETURNDUTYRATE>
      <GVATEXCISERATE>0</GVATEXCISERATE>
      <AMOUNT>6336.00</AMOUNT>
      <EXCISEASSESSABLEVALUE/>
      <CESSASSVALONCLASS/>
      <EIDISCOUNTAMT/>
      <VATASSESSABLEVALUE/>
      <VATWCDEDUCTAMT/>
      <WCTOTALDEDUCTIONAMT/>
      <ORIGINVGOODSVALUE/>
      <GSTOVRDNASSESSABLEVALUE/>
      <GSTASSBLVALUE/>
      <STRDCOMPUTEDASSESSABLEVALUE/>
      <STRDCOMPUTEDIGST/>
      <STRDCOMPUTEDCGST/>
      <STRDCOMPUTEDSGST/>
      <STRDCOMPUTEDCESS/>
      <STRDCOMPUTEDCESSONQTY/>
      <ORIGINVGOODSTAXVALUE/>
      <VATASSBLVALUE/>
      <VATACCEPTEDTAXAMT/>
      <VATACCEPTEDADDLTAXAMT/>
      <STRDAPPRSTATECESSGST/>
      <STRDAPPROPRIATEDDISCOUNT/>
      <STRDEXCISETAX/>
      <VATINPUTTAXCREDIT/>
      <VATELIGIBLECREDIT/>
      <GVATEXCISEAMT/>
      <ACTUALQTY> 3.00 nos =  96.0000 sqft</ACTUALQTY>
      <BILLEDQTY> 3.00 nos =  96.0000 sqft</BILLEDQTY>
      <ORIGACTUALQTY/>
      <ORIGBILLEDQTY/>
      <EXCISERETURNINVOICEQTY/>
      <USABLEQTY/>
      <EXCISECREDITPENDINGQTY/>
      <MRPRATE/>
      <EXCISEMRPRATE/>
      <ORIGRATE/>
      <REVISEDRATE/>
      <ESCALATIONRATE/>
      <ORIGMRPRATE/>
      <ORIGRATEOFQTY/>
      <REVISEDRATEOFQTY/>
      <INCLVATRATE/>
      <BATCHALLOCATIONS.LIST>
       <MFDON/>
       <ORDERYEAREND/>
       <TRACKINGYEAREND/>
       <ORDERPRECLOSUREDATE/>
       <NARRATION/>
       <GODOWNNAME>Main Location</GODOWNNAME>
       <BATCHNAME>Primary Batch</BATCHNAME>
       <DESTINATIONGODOWNNAME/>
       <INDENTNO>&#4; Not Applicable</INDENTNO>
       <ORDERTYPE/>
       <PARENTITEM/>
       <ORDERCLOSUREREASON/>
       <ORDERNO>&#4; Not Applicable</ORDERNO>
       <TRACKINGNUMBER>13010</TRACKINGNUMBER>
       <DYNAMICCSTNO/>
       <DYNAMICCSTPARENTITEM/>
       <SUMDYNAMICCSTNO/>
       <SUMBATCHNAME/>
       <SUMTRACKINGNUMBER/>
       <SUMORDERNO/>
       <SUMINDENTNO/>
       <ADDLAMOUNT/>
       <DYNAMICCSTISCLEARED>No</DYNAMICCSTISCLEARED>
       <TRACKID TYPE="Number"> 47371</TRACKID>
       <BATCHID TYPE="Number"> 24309</BATCHID>
       <BATCHDISCOUNT TYPE="Number">0</BATCHDISCOUNT>
       <AMOUNT>6336.00</AMOUNT>
       <ADDLEXPENSEAMOUNT/>
       <BATCHDIFFVAL/>
       <ACTUALQTY> 3.00 nos =  96.0000 sqft</ACTUALQTY>
       <BILLEDQTY> 3.00 nos =  96.0000 sqft</BILLEDQTY>
       <ORDERPRECLOSUREQTY/>
       <ORIGACTUALQTY/>
       <ORIGBILLEDQTY/>
       <BATCHPHYSDIFF/>
       <ORIGRATE/>
       <REVISEDRATE/>
       <ESCALATIONRATE/>
       <INCLVATRATE/>
       <BATCHRATE TYPE="Rate">66.00/sqft</BATCHRATE>
       <EXPIRYPERIOD/>
       <INDENTDUEDATE/>
       <ORDERDUEDATE/>
       <ADDITIONALDETAILS.LIST>       </ADDITIONALDETAILS.LIST>
       <VOUCHERCOMPONENTLIST.LIST>       </VOUCHERCOMPONENTLIST.LIST>
      </BATCHALLOCATIONS.LIST>
      <ACCOUNTINGALLOCATIONS.LIST>
       <OLDAUDITENTRYIDS.LIST TYPE="Number">
        <OLDAUDITENTRYIDS>-1</OLDAUDITENTRYIDS>
       </OLDAUDITENTRYIDS.LIST>
       <ORIGPURCHINVDATE/>
       <NARRATION/>
       <ADDLALLOCTYPE/>
       <TAXCLASSIFICATIONNAME/>
       <APPROPRIATEFOR/>
       <GSTDUTYHEAD/>
       <GSTAPPROPRIATETO/>
       <NOTIFICATIONSLNO/>
       <EXCISEALLOCTYPE/>
       <SWIFTCODE/>
       <ROUNDTYPE/>
       <LEDGERNAME>Sales Local Taxable - GST 18%</LEDGERNAME>
       <TAXUNITNAME/>
       <STATNATURENAME/>
       <GOODSTYPE/>
       <VATTRADENAME/>
       <METHODTYPE/>
       <CLASSRATE/>
       <STATCLASSIFICATIONNAME/>
       <EXCISECLASSIFICATIONNAME/>
       <ISZRBASICSERVICE/>
       <VATCOMMODITYNAME/>
       <SCHEDULE/>
       <SCHEDULESERIALNUMBER/>
       <VATCOMMODITYCODE/>
       <VATSUBCOMMODITYCODE/>
       <VATMAJORCOMMODITYNAME/>
       <STRDGSTDERIVEDLOCATIONTYPE/>
       <STRDGSTDERIVEDTAXABILITY/>
       <STRDGSTDERIVEDNATURETYPE/>
       <STRDGSTDERIVEDSUPPLYTYPE/>
       <TDSPARTYNAME/>
       <VATPARTYORGNAME/>
       <XBRLADJTYPE/>
       <VOUCHERFBTCATEGORY/>
       <TYPEOFTAXPAYMENT/>
       <VATCALCULATIONTYPE/>
       <VATWORKSCONTRACTTYPE/>
       <VATWCDESCRIPTION/>
       <GSTCLASS>&#4; Not Applicable</GSTCLASS>
       <SCHVIADJTYPE/>
       <GSTOVRDNCLASSIFICATION/>
       <GSTOVRDNNATURE/>
       <GSTOVRDNINELIGIBLEITC/>
       <GSTOVRDNISREVCHARGEAPPL/>
       <GSTOVRDNTAXABILITY/>
       <GSTHSNSACCODE/>
       <GSTSOURCETYPE/>
       <GSTITEMSOURCE/>
       <GSTLEDGERSOURCE/>
       <GSTGROUPSOURCE/>
       <GSTSTOCKGROUPSOURCE/>
       <HSNSOURCETYPE/>
       <HSNITEMSOURCE/>
       <HSNLEDGERSOURCE/>
       <HSNGROUPSOURCE/>
       <HSNSTOCKGROUPSOURCE/>
       <GSTOVRDNSTOREDNATURE/>
       <GSTOVRDNTYPEOFSUPPLY/>
       <GSTRATEINFERAPPLICABILITY/>
       <GSTOVRDNNATUREOFGOODS/>
       <GSTHSNNAME/>
       <GSTHSNDESCRIPTION/>
       <GSTHSNINFERAPPLICABILITY/>
       <HSNOVRDNCLASSIFICATION/>
       <STRDGSTFINALNATUREOFENTRY/>
       <STRDGSTDUTYHEAD/>
       <VATGOODSNATURE/>
       <GSTDEPGSTCLASSIFICATION/>
       <GSTDEPHSNCLASSIFICATION/>
       <POSPAYMENTTYPE/>
       <GSTPARTYLEDGER/>
       <ORIGPURCHPARTY/>
       <ORIGPURCHPARTYADDRESS/>
       <ORIGPURCHINVNO/>
       <ORIGPURCHNOTE/>
       <ISDEEMEDPOSITIVE>No</ISDEEMEDPOSITIVE>
       <LEDGERFROMITEM>No</LEDGERFROMITEM>
       <REMOVEZEROENTRIES/>
       <ISPARTYLEDGER>No</ISPARTYLEDGER>
       <GSTOVERRIDDEN>No</GSTOVERRIDDEN>
       <ISGSTASSESSABLEVALUEOVERRIDDEN>No</ISGSTASSESSABLEVALUEOVERRIDDEN>
       <STRDISGSTAPPLICABLE>No</STRDISGSTAPPLICABLE>
       <STRDGSTISPARTYLEDGER>No</STRDGSTISPARTYLEDGER>
       <STRDGSTISDUTYLEDGER>No</STRDGSTISDUTYLEDGER>
       <CONTENTNEGISPOS/>
       <ISLASTDEEMEDPOSITIVE>No</ISLASTDEEMEDPOSITIVE>
       <ISCAPVATTAXALTERED/>
       <ISCAPVATNOTCLAIMED>No</ISCAPVATNOTCLAIMED>
       <STCRADJPERCENT>0</STCRADJPERCENT>
       <ROUNDLIMIT>0</ROUNDLIMIT>
       <RATEOFADDLVAT>0</RATEOFADDLVAT>
       <RATEOFCESSONVAT>0</RATEOFCESSONVAT>
       <VATTAXRATE>0</VATTAXRATE>
       <VATITEMQTY>0</VATITEMQTY>
       <VATWCDEDUCTRATE>0</VATWCDEDUCTRATE>
       <PREVINVTOTALNUM>0</PREVINVTOTALNUM>
       <VATWCDEDUCTIONRATE>0</VATWCDEDUCTIONRATE>
       <GSTTAXRATE>0</GSTTAXRATE>
       <ORIGINVGOODSQTY>0</ORIGINVGOODSQTY>
       <CAPVATTAXRATE>0</CAPVATTAXRATE>
       <AMOUNT>6336.00</AMOUNT>
       <CESSASSVALONCLASS/>
       <ADDNLVATCLASSAMT/>
       <EIDISCOUNTAMT/>
       <FBTEXEMPTAMOUNT/>
       <VATASSESSABLEVALUE/>
       <VATWCCOSTOFLAND/>
       <VATWCDEDLABOURCHARGES/>
       <VATWCOTHERDEDUCTIONAMT/>
       <VATWCVALUEOFTAXFREEGOODS/>
       <VATWCOTHERCHARGES/>
       <VATWCSUBCONTRACTORAMT/>
       <VATWCDEDUCTAMT/>
       <WCTOTALDEDUCTIONAMT/>
       <PREVAMOUNT/>
       <PREVINVTOTALAMT/>
       <VATWCDEDUCTIONAMOUNT/>
       <ORIGINVGOODSVALUE/>
       <CENVATCAPTINPUTAMT/>
       <GSTASSESSABLEVALUE/>
       <IGSTLIABILITY/>
       <CGSTLIABILITY/>
       <SGSTLIABILITY/>
       <GSTCESSLIABILITY/>
       <GSTOVRDNASSESSABLEVALUE/>
       <GSTASSBLVALUE/>
       <STRDCOMPUTEDASSESSABLEVALUE/>
       <STRDCOMPUTEDIGST/>
       <STRDCOMPUTEDCGST/>
       <STRDCOMPUTEDSGST/>
       <STRDCOMPUTEDCESS/>
       <STRDCOMPUTEDCESSONQTY/>
       <ORIGINVGOODSTAXVALUE/>
       <VATWCESTABLISHMENTCOST/>
       <VATWCCONTRACTORPROFIT/>
       <VATWCPLANNINGDESIGNFEES/>
       <VATWCMACHINERYTOOLSCHARGES/>
       <VATWCCONSUMABLESCOST/>
       <VATEXPAMOUNT/>
       <VATASSBLVALUE/>
       <VATACCEPTEDTAXAMT/>
       <VATACCEPTEDADDLTAXAMT/>
       <CASHRECEIVED/>
       <CAPVATASSEABLEVALUE/>
       <CAPVATTAXVALUE/>
       <ORIGPURCHVALUE/>
       <SUPPLYMARGVAL/>
       <STRDAPPRSTATECESSGST/>
       <STRDAPPROPRIATEDDISCOUNT/>
       <STRDEXCISETAX/>
       <SERVICETAXDETAILS.LIST>       </SERVICETAXDETAILS.LIST>
       <BANKALLOCATIONS.LIST>       </BANKALLOCATIONS.LIST>
       <BILLALLOCATIONS.LIST>       </BILLALLOCATIONS.LIST>
       <INTERESTCOLLECTION.LIST>       </INTERESTCOLLECTION.LIST>
       <OLDAUDITENTRIES.LIST>       </OLDAUDITENTRIES.LIST>
       <ACCOUNTAUDITENTRIES.LIST>       </ACCOUNTAUDITENTRIES.LIST>
       <AUDITENTRIES.LIST>       </AUDITENTRIES.LIST>
       <INPUTCRALLOCS.LIST>       </INPUTCRALLOCS.LIST>
       <DUTYHEADDETAILS.LIST>       </DUTYHEADDETAILS.LIST>
       <EXCISEDUTYHEADDETAILS.LIST>       </EXCISEDUTYHEADDETAILS.LIST>
       <RATEDETAILS.LIST>       </RATEDETAILS.LIST>
       <SUMMARYALLOCS.LIST>       </SUMMARYALLOCS.LIST>
       <CENVATDUTYALLOCATIONS.LIST>       </CENVATDUTYALLOCATIONS.LIST>
       <STPYMTDETAILS.LIST>       </STPYMTDETAILS.LIST>
       <EXCISEPAYMENTALLOCATIONS.LIST>       </EXCISEPAYMENTALLOCATIONS.LIST>
       <TAXBILLALLOCATIONS.LIST>       </TAXBILLALLOCATIONS.LIST>
       <TAXOBJECTALLOCATIONS.LIST>       </TAXOBJECTALLOCATIONS.LIST>
       <TDSEXPENSEALLOCATIONS.LIST>       </TDSEXPENSEALLOCATIONS.LIST>
       <VATSTATUTORYDETAILS.LIST>       </VATSTATUTORYDETAILS.LIST>
       <COSTTRACKALLOCATIONS.LIST>       </COSTTRACKALLOCATIONS.LIST>
       <REFVOUCHERDETAILS.LIST>       </REFVOUCHERDETAILS.LIST>
       <INVOICEWISEDETAILS.LIST>       </INVOICEWISEDETAILS.LIST>
       <VATITCDETAILS.LIST>       </VATITCDETAILS.LIST>
       <ADVANCETAXDETAILS.LIST>       </ADVANCETAXDETAILS.LIST>
       <TAXTYPEALLOCATIONS.LIST>       </TAXTYPEALLOCATIONS.LIST>
      </ACCOUNTINGALLOCATIONS.LIST>
      <DUTYHEADDETAILS.LIST>      </DUTYHEADDETAILS.LIST>
      <RATEDETAILS.LIST>
       <GSTRATEDUTYHEAD>CGST</GSTRATEDUTYHEAD>
       <GSTRATEVALUATIONTYPE>Based on Value</GSTRATEVALUATIONTYPE>
       <GSTRATE> 9</GSTRATE>
       <GSTRATEPERUNIT>0</GSTRATEPERUNIT>
      </RATEDETAILS.LIST>
      <RATEDETAILS.LIST>
       <GSTRATEDUTYHEAD>SGST/UTGST</GSTRATEDUTYHEAD>
       <GSTRATEVALUATIONTYPE>Based on Value</GSTRATEVALUATIONTYPE>
       <GSTRATE> 9</GSTRATE>
       <GSTRATEPERUNIT>0</GSTRATEPERUNIT>
      </RATEDETAILS.LIST>
      <RATEDETAILS.LIST>
       <GSTRATEDUTYHEAD>IGST</GSTRATEDUTYHEAD>
       <GSTRATEVALUATIONTYPE>Based on Value</GSTRATEVALUATIONTYPE>
       <GSTRATE> 18</GSTRATE>
       <GSTRATEPERUNIT>0</GSTRATEPERUNIT>
      </RATEDETAILS.LIST>
      <RATEDETAILS.LIST>
       <GSTRATEDUTYHEAD>Cess</GSTRATEDUTYHEAD>
       <GSTRATEVALUATIONTYPE>&#4; Not Applicable</GSTRATEVALUATIONTYPE>
       <GSTRATE>0</GSTRATE>
       <GSTRATEPERUNIT>0</GSTRATEPERUNIT>
      </RATEDETAILS.LIST>
      <RATEDETAILS.LIST>
       <GSTRATEDUTYHEAD>State Cess</GSTRATEDUTYHEAD>
       <GSTRATEVALUATIONTYPE>Based on Value</GSTRATEVALUATIONTYPE>
       <GSTRATE>0</GSTRATE>
       <GSTRATEPERUNIT>0</GSTRATEPERUNIT>
      </RATEDETAILS.LIST>
      <SUPPLEMENTARYDUTYHEADDETAILS.LIST>      </SUPPLEMENTARYDUTYHEADDETAILS.LIST>
      <TAXOBJECTALLOCATIONS.LIST>      </TAXOBJECTALLOCATIONS.LIST>
      <REFVOUCHERDETAILS.LIST>      </REFVOUCHERDETAILS.LIST>
      <EXCISEALLOCATIONS.LIST>      </EXCISEALLOCATIONS.LIST>
      <EXPENSEALLOCATIONS.LIST>      </EXPENSEALLOCATIONS.LIST>
     </ALLINVENTORYENTRIES.LIST>
     <ALLINVENTORYENTRIES.LIST>
      <ORIGINVOICEDATE/>
      <ORIGSALESINVDATE/>
      <DESCRIPTION/>
      <STOCKITEMNAME>Telescopy Channel  24&quot;</STOCKITEMNAME>
      <STATNATURENAME/>
      <EXCISECLASSIFICATIONNAME/>
      <ISZRBASICSERVICE/>
      <STRDGSTDERIVEDLOCATIONTYPE/>
      <STRDGSTDERIVEDTAXABILITY/>
      <STRDGSTDERIVEDNATURETYPE/>
      <STRDGSTDERIVEDSUPPLYTYPE/>
      <GSTOVRDNCLASSIFICATION/>
      <GSTOVRDNNATURE/>
      <GSTOVRDNINELIGIBLEITC/>
      <GSTOVRDNISREVCHARGEAPPL>&#4; Not Applicable</GSTOVRDNISREVCHARGEAPPL>
      <GSTOVRDNTAXABILITY>Taxable</GSTOVRDNTAXABILITY>
      <GSTSOURCETYPE>Stock Item</GSTSOURCETYPE>
      <GSTITEMSOURCE>Telescopy Channel  24&quot;</GSTITEMSOURCE>
      <GSTLEDGERSOURCE/>
      <GSTGROUPSOURCE/>
      <GSTSTOCKGROUPSOURCE/>
      <HSNSOURCETYPE>Stock Item</HSNSOURCETYPE>
      <HSNITEMSOURCE>Telescopy Channel  24&quot;</HSNITEMSOURCE>
      <HSNLEDGERSOURCE/>
      <HSNGROUPSOURCE/>
      <HSNSTOCKGROUPSOURCE/>
      <GSTOVRDNSTOREDNATURE>&#4; System Inferred</GSTOVRDNSTOREDNATURE>
      <GSTOVRDNTYPEOFSUPPLY>Goods</GSTOVRDNTYPEOFSUPPLY>
      <GSTRATEINFERAPPLICABILITY>As per Masters/Company</GSTRATEINFERAPPLICABILITY>
      <GSTOVRDNNATUREOFGOODS/>
      <GSTHSNNAME>83024200</GSTHSNNAME>
      <GSTHSNDESCRIPTION>Hinges</GSTHSNDESCRIPTION>
      <GSTHSNINFERAPPLICABILITY>As per Masters/Company</GSTHSNINFERAPPLICABILITY>
      <HSNOVRDNCLASSIFICATION/>
      <STRDGSTFINALNATUREOFENTRY/>
      <GSTDEPGSTCLASSIFICATION/>
      <GSTDEPHSNCLASSIFICATION/>
      <EXCISETARIFF/>
      <EXCISEEXEMPTION/>
      <TRADERCNSALESNUMBER/>
      <BASICPACKAGEMARKS/>
      <BASICNUMPACKAGES/>
      <SDTAXCLASSIFICATIONNAME/>
      <NATUREOFCOMPONENT/>
      <COMPONENTLISTTYPE/>
      <DISPLAYNATUREOFCOMPONENT/>
      <BOMNAME/>
      <ORIGINVOICENUMBER/>
      <ORIGINVOICEBOOKNAME/>
      <ORIGSALESINVNO/>
      <EXCISERETURNINVOICENO/>
      <REASONOFREJECTION/>
      <EXCISECREDITPARTY/>
      <EXCISECREDITSTKITEM/>
      <EXCISECREDITCATEGORY/>
      <TRADERSUPPLIERINVOICENO/>
      <EXCISESALESINVOICENO/>
      <GSTITEMUQC/>
      <GSTITEMUQCUOM/>
      <ADDLAMOUNT/>
      <ISDEEMEDPOSITIVE>No</ISDEEMEDPOSITIVE>
      <ISGSTASSESSABLEVALUEOVERRIDDEN/>
      <STRDISGSTAPPLICABLE/>
      <CONTENTNEGISPOS/>
      <ISLASTDEEMEDPOSITIVE>No</ISLASTDEEMEDPOSITIVE>
      <ISAUTONEGATE>No</ISAUTONEGATE>
      <ISCUSTOMSCLEARANCE/>
      <ISTRACKCOMPONENT/>
      <ISTRACKPRODUCTION/>
      <ISPRIMARYITEM/>
      <ISSCRAP>No</ISSCRAP>
      <RATE>960.00/Set</RATE>
      <DISCOUNT>0</DISCOUNT>
      <VATTAXRATE>0</VATTAXRATE>
      <ORIGINVGOODSQTY>0</ORIGINVGOODSQTY>
      <EXCISEMRPABATEMENT>0</EXCISEMRPABATEMENT>
      <ADDLCOSTPERC>0</ADDLCOSTPERC>
      <REVISEDRATEOFDUTY>0</REVISEDRATEOFDUTY>
      <ORIGRATEOFDUTY>0</ORIGRATEOFDUTY>
      <ORIGMRPABATEMENT>0</ORIGMRPABATEMENT>
      <EXCISERETURNDUTYRATE>0</EXCISERETURNDUTYRATE>
      <GVATEXCISERATE>0</GVATEXCISERATE>
      <AMOUNT>2880.00</AMOUNT>
      <EXCISEASSESSABLEVALUE/>
      <CESSASSVALONCLASS/>
      <EIDISCOUNTAMT/>
      <VATASSESSABLEVALUE/>
      <VATWCDEDUCTAMT/>
      <WCTOTALDEDUCTIONAMT/>
      <ORIGINVGOODSVALUE/>
      <GSTOVRDNASSESSABLEVALUE/>
      <GSTASSBLVALUE/>
      <STRDCOMPUTEDASSESSABLEVALUE/>
      <STRDCOMPUTEDIGST/>
      <STRDCOMPUTEDCGST/>
      <STRDCOMPUTEDSGST/>
      <STRDCOMPUTEDCESS/>
      <STRDCOMPUTEDCESSONQTY/>
      <ORIGINVGOODSTAXVALUE/>
      <VATASSBLVALUE/>
      <VATACCEPTEDTAXAMT/>
      <VATACCEPTEDADDLTAXAMT/>
      <STRDAPPRSTATECESSGST/>
      <STRDAPPROPRIATEDDISCOUNT/>
      <STRDEXCISETAX/>
      <VATINPUTTAXCREDIT/>
      <VATELIGIBLECREDIT/>
      <GVATEXCISEAMT/>
      <ACTUALQTY> 3.00 Set</ACTUALQTY>
      <BILLEDQTY> 3.00 Set</BILLEDQTY>
      <ORIGACTUALQTY/>
      <ORIGBILLEDQTY/>
      <EXCISERETURNINVOICEQTY/>
      <USABLEQTY/>
      <EXCISECREDITPENDINGQTY/>
      <MRPRATE/>
      <EXCISEMRPRATE/>
      <ORIGRATE/>
      <REVISEDRATE/>
      <ESCALATIONRATE/>
      <ORIGMRPRATE/>
      <ORIGRATEOFQTY/>
      <REVISEDRATEOFQTY/>
      <INCLVATRATE/>
      <BATCHALLOCATIONS.LIST>
       <MFDON/>
       <ORDERYEAREND/>
       <TRACKINGYEAREND/>
       <ORDERPRECLOSUREDATE/>
       <NARRATION/>
       <GODOWNNAME>Main Location</GODOWNNAME>
       <BATCHNAME>Primary Batch</BATCHNAME>
       <DESTINATIONGODOWNNAME/>
       <INDENTNO>&#4; Not Applicable</INDENTNO>
       <ORDERTYPE/>
       <PARENTITEM/>
       <ORDERCLOSUREREASON/>
       <ORDERNO>&#4; Not Applicable</ORDERNO>
       <TRACKINGNUMBER>13010</TRACKINGNUMBER>
       <DYNAMICCSTNO/>
       <DYNAMICCSTPARENTITEM/>
       <SUMDYNAMICCSTNO/>
       <SUMBATCHNAME/>
       <SUMTRACKINGNUMBER/>
       <SUMORDERNO/>
       <SUMINDENTNO/>
       <ADDLAMOUNT/>
       <DYNAMICCSTISCLEARED>No</DYNAMICCSTISCLEARED>
       <TRACKID TYPE="Number"> 47372</TRACKID>
       <BATCHID TYPE="Number"> 24237</BATCHID>
       <BATCHDISCOUNT TYPE="Number">0</BATCHDISCOUNT>
       <AMOUNT>2880.00</AMOUNT>
       <ADDLEXPENSEAMOUNT/>
       <BATCHDIFFVAL/>
       <ACTUALQTY> 3.00 Set</ACTUALQTY>
       <BILLEDQTY> 3.00 Set</BILLEDQTY>
       <ORDERPRECLOSUREQTY/>
       <ORIGACTUALQTY/>
       <ORIGBILLEDQTY/>
       <BATCHPHYSDIFF/>
       <ORIGRATE/>
       <REVISEDRATE/>
       <ESCALATIONRATE/>
       <INCLVATRATE/>
       <BATCHRATE TYPE="Rate">960.00/Set</BATCHRATE>
       <EXPIRYPERIOD/>
       <INDENTDUEDATE/>
       <ORDERDUEDATE/>
       <ADDITIONALDETAILS.LIST>       </ADDITIONALDETAILS.LIST>
       <VOUCHERCOMPONENTLIST.LIST>       </VOUCHERCOMPONENTLIST.LIST>
      </BATCHALLOCATIONS.LIST>
      <ACCOUNTINGALLOCATIONS.LIST>
       <OLDAUDITENTRYIDS.LIST TYPE="Number">
        <OLDAUDITENTRYIDS>-1</OLDAUDITENTRYIDS>
       </OLDAUDITENTRYIDS.LIST>
       <ORIGPURCHINVDATE/>
       <NARRATION/>
       <ADDLALLOCTYPE/>
       <TAXCLASSIFICATIONNAME/>
       <APPROPRIATEFOR/>
       <GSTDUTYHEAD/>
       <GSTAPPROPRIATETO/>
       <NOTIFICATIONSLNO/>
       <EXCISEALLOCTYPE/>
       <SWIFTCODE/>
       <ROUNDTYPE/>
       <LEDGERNAME>Sales Local Taxable - GST 18%</LEDGERNAME>
       <TAXUNITNAME/>
       <STATNATURENAME/>
       <GOODSTYPE/>
       <VATTRADENAME/>
       <METHODTYPE/>
       <CLASSRATE/>
       <STATCLASSIFICATIONNAME/>
       <EXCISECLASSIFICATIONNAME/>
       <ISZRBASICSERVICE/>
       <VATCOMMODITYNAME/>
       <SCHEDULE/>
       <SCHEDULESERIALNUMBER/>
       <VATCOMMODITYCODE/>
       <VATSUBCOMMODITYCODE/>
       <VATMAJORCOMMODITYNAME/>
       <STRDGSTDERIVEDLOCATIONTYPE/>
       <STRDGSTDERIVEDTAXABILITY/>
       <STRDGSTDERIVEDNATURETYPE/>
       <STRDGSTDERIVEDSUPPLYTYPE/>
       <TDSPARTYNAME/>
       <VATPARTYORGNAME/>
       <XBRLADJTYPE/>
       <VOUCHERFBTCATEGORY/>
       <TYPEOFTAXPAYMENT/>
       <VATCALCULATIONTYPE/>
       <VATWORKSCONTRACTTYPE/>
       <VATWCDESCRIPTION/>
       <GSTCLASS>&#4; Not Applicable</GSTCLASS>
       <SCHVIADJTYPE/>
       <GSTOVRDNCLASSIFICATION/>
       <GSTOVRDNNATURE/>
       <GSTOVRDNINELIGIBLEITC/>
       <GSTOVRDNISREVCHARGEAPPL/>
       <GSTOVRDNTAXABILITY/>
       <GSTHSNSACCODE/>
       <GSTSOURCETYPE/>
       <GSTITEMSOURCE/>
       <GSTLEDGERSOURCE/>
       <GSTGROUPSOURCE/>
       <GSTSTOCKGROUPSOURCE/>
       <HSNSOURCETYPE/>
       <HSNITEMSOURCE/>
       <HSNLEDGERSOURCE/>
       <HSNGROUPSOURCE/>
       <HSNSTOCKGROUPSOURCE/>
       <GSTOVRDNSTOREDNATURE/>
       <GSTOVRDNTYPEOFSUPPLY/>
       <GSTRATEINFERAPPLICABILITY/>
       <GSTOVRDNNATUREOFGOODS/>
       <GSTHSNNAME/>
       <GSTHSNDESCRIPTION/>
       <GSTHSNINFERAPPLICABILITY/>
       <HSNOVRDNCLASSIFICATION/>
       <STRDGSTFINALNATUREOFENTRY/>
       <STRDGSTDUTYHEAD/>
       <VATGOODSNATURE/>
       <GSTDEPGSTCLASSIFICATION/>
       <GSTDEPHSNCLASSIFICATION/>
       <POSPAYMENTTYPE/>
       <GSTPARTYLEDGER/>
       <ORIGPURCHPARTY/>
       <ORIGPURCHPARTYADDRESS/>
       <ORIGPURCHINVNO/>
       <ORIGPURCHNOTE/>
       <ISDEEMEDPOSITIVE>No</ISDEEMEDPOSITIVE>
       <LEDGERFROMITEM>No</LEDGERFROMITEM>
       <REMOVEZEROENTRIES/>
       <ISPARTYLEDGER>No</ISPARTYLEDGER>
       <GSTOVERRIDDEN>No</GSTOVERRIDDEN>
       <ISGSTASSESSABLEVALUEOVERRIDDEN>No</ISGSTASSESSABLEVALUEOVERRIDDEN>
       <STRDISGSTAPPLICABLE>No</STRDISGSTAPPLICABLE>
       <STRDGSTISPARTYLEDGER>No</STRDGSTISPARTYLEDGER>
       <STRDGSTISDUTYLEDGER>No</STRDGSTISDUTYLEDGER>
       <CONTENTNEGISPOS/>
       <ISLASTDEEMEDPOSITIVE>No</ISLASTDEEMEDPOSITIVE>
       <ISCAPVATTAXALTERED/>
       <ISCAPVATNOTCLAIMED>No</ISCAPVATNOTCLAIMED>
       <STCRADJPERCENT>0</STCRADJPERCENT>
       <ROUNDLIMIT>0</ROUNDLIMIT>
       <RATEOFADDLVAT>0</RATEOFADDLVAT>
       <RATEOFCESSONVAT>0</RATEOFCESSONVAT>
       <VATTAXRATE>0</VATTAXRATE>
       <VATITEMQTY>0</VATITEMQTY>
       <VATWCDEDUCTRATE>0</VATWCDEDUCTRATE>
       <PREVINVTOTALNUM>0</PREVINVTOTALNUM>
       <VATWCDEDUCTIONRATE>0</VATWCDEDUCTIONRATE>
       <GSTTAXRATE>0</GSTTAXRATE>
       <ORIGINVGOODSQTY>0</ORIGINVGOODSQTY>
       <CAPVATTAXRATE>0</CAPVATTAXRATE>
       <AMOUNT>2880.00</AMOUNT>
       <CESSASSVALONCLASS/>
       <ADDNLVATCLASSAMT/>
       <EIDISCOUNTAMT/>
       <FBTEXEMPTAMOUNT/>
       <VATASSESSABLEVALUE/>
       <VATWCCOSTOFLAND/>
       <VATWCDEDLABOURCHARGES/>
       <VATWCOTHERDEDUCTIONAMT/>
       <VATWCVALUEOFTAXFREEGOODS/>
       <VATWCOTHERCHARGES/>
       <VATWCSUBCONTRACTORAMT/>
       <VATWCDEDUCTAMT/>
       <WCTOTALDEDUCTIONAMT/>
       <PREVAMOUNT/>
       <PREVINVTOTALAMT/>
       <VATWCDEDUCTIONAMOUNT/>
       <ORIGINVGOODSVALUE/>
       <CENVATCAPTINPUTAMT/>
       <GSTASSESSABLEVALUE/>
       <IGSTLIABILITY/>
       <CGSTLIABILITY/>
       <SGSTLIABILITY/>
       <GSTCESSLIABILITY/>
       <GSTOVRDNASSESSABLEVALUE/>
       <GSTASSBLVALUE/>
       <STRDCOMPUTEDASSESSABLEVALUE/>
       <STRDCOMPUTEDIGST/>
       <STRDCOMPUTEDCGST/>
       <STRDCOMPUTEDSGST/>
       <STRDCOMPUTEDCESS/>
       <STRDCOMPUTEDCESSONQTY/>
       <ORIGINVGOODSTAXVALUE/>
       <VATWCESTABLISHMENTCOST/>
       <VATWCCONTRACTORPROFIT/>
       <VATWCPLANNINGDESIGNFEES/>
       <VATWCMACHINERYTOOLSCHARGES/>
       <VATWCCONSUMABLESCOST/>
       <VATEXPAMOUNT/>
       <VATASSBLVALUE/>
       <VATACCEPTEDTAXAMT/>
       <VATACCEPTEDADDLTAXAMT/>
       <CASHRECEIVED/>
       <CAPVATASSEABLEVALUE/>
       <CAPVATTAXVALUE/>
       <ORIGPURCHVALUE/>
       <SUPPLYMARGVAL/>
       <STRDAPPRSTATECESSGST/>
       <STRDAPPROPRIATEDDISCOUNT/>
       <STRDEXCISETAX/>
       <SERVICETAXDETAILS.LIST>       </SERVICETAXDETAILS.LIST>
       <BANKALLOCATIONS.LIST>       </BANKALLOCATIONS.LIST>
       <BILLALLOCATIONS.LIST>       </BILLALLOCATIONS.LIST>
       <INTERESTCOLLECTION.LIST>       </INTERESTCOLLECTION.LIST>
       <OLDAUDITENTRIES.LIST>       </OLDAUDITENTRIES.LIST>
       <ACCOUNTAUDITENTRIES.LIST>       </ACCOUNTAUDITENTRIES.LIST>
       <AUDITENTRIES.LIST>       </AUDITENTRIES.LIST>
       <INPUTCRALLOCS.LIST>       </INPUTCRALLOCS.LIST>
       <DUTYHEADDETAILS.LIST>       </DUTYHEADDETAILS.LIST>
       <EXCISEDUTYHEADDETAILS.LIST>       </EXCISEDUTYHEADDETAILS.LIST>
       <RATEDETAILS.LIST>       </RATEDETAILS.LIST>
       <SUMMARYALLOCS.LIST>       </SUMMARYALLOCS.LIST>
       <CENVATDUTYALLOCATIONS.LIST>       </CENVATDUTYALLOCATIONS.LIST>
       <STPYMTDETAILS.LIST>       </STPYMTDETAILS.LIST>
       <EXCISEPAYMENTALLOCATIONS.LIST>       </EXCISEPAYMENTALLOCATIONS.LIST>
       <TAXBILLALLOCATIONS.LIST>       </TAXBILLALLOCATIONS.LIST>
       <TAXOBJECTALLOCATIONS.LIST>       </TAXOBJECTALLOCATIONS.LIST>
       <TDSEXPENSEALLOCATIONS.LIST>       </TDSEXPENSEALLOCATIONS.LIST>
       <VATSTATUTORYDETAILS.LIST>       </VATSTATUTORYDETAILS.LIST>
       <COSTTRACKALLOCATIONS.LIST>       </COSTTRACKALLOCATIONS.LIST>
       <REFVOUCHERDETAILS.LIST>       </REFVOUCHERDETAILS.LIST>
       <INVOICEWISEDETAILS.LIST>       </INVOICEWISEDETAILS.LIST>
       <VATITCDETAILS.LIST>       </VATITCDETAILS.LIST>
       <ADVANCETAXDETAILS.LIST>       </ADVANCETAXDETAILS.LIST>
       <TAXTYPEALLOCATIONS.LIST>       </TAXTYPEALLOCATIONS.LIST>
      </ACCOUNTINGALLOCATIONS.LIST>
      <DUTYHEADDETAILS.LIST>      </DUTYHEADDETAILS.LIST>
      <RATEDETAILS.LIST>
       <GSTRATEDUTYHEAD>CGST</GSTRATEDUTYHEAD>
       <GSTRATEVALUATIONTYPE>Based on Value</GSTRATEVALUATIONTYPE>
       <GSTRATE> 9</GSTRATE>
       <GSTRATEPERUNIT>0</GSTRATEPERUNIT>
      </RATEDETAILS.LIST>
      <RATEDETAILS.LIST>
       <GSTRATEDUTYHEAD>SGST/UTGST</GSTRATEDUTYHEAD>
       <GSTRATEVALUATIONTYPE>Based on Value</GSTRATEVALUATIONTYPE>
       <GSTRATE> 9</GSTRATE>
       <GSTRATEPERUNIT>0</GSTRATEPERUNIT>
      </RATEDETAILS.LIST>
      <RATEDETAILS.LIST>
       <GSTRATEDUTYHEAD>IGST</GSTRATEDUTYHEAD>
       <GSTRATEVALUATIONTYPE>Based on Value</GSTRATEVALUATIONTYPE>
       <GSTRATE> 18</GSTRATE>
       <GSTRATEPERUNIT>0</GSTRATEPERUNIT>
      </RATEDETAILS.LIST>
      <RATEDETAILS.LIST>
       <GSTRATEDUTYHEAD>Cess</GSTRATEDUTYHEAD>
       <GSTRATEVALUATIONTYPE>&#4; Not Applicable</GSTRATEVALUATIONTYPE>
       <GSTRATE>0</GSTRATE>
       <GSTRATEPERUNIT>0</GSTRATEPERUNIT>
      </RATEDETAILS.LIST>
      <RATEDETAILS.LIST>
       <GSTRATEDUTYHEAD>State Cess</GSTRATEDUTYHEAD>
       <GSTRATEVALUATIONTYPE>Based on Value</GSTRATEVALUATIONTYPE>
       <GSTRATE>0</GSTRATE>
       <GSTRATEPERUNIT>0</GSTRATEPERUNIT>
      </RATEDETAILS.LIST>
      <SUPPLEMENTARYDUTYHEADDETAILS.LIST>      </SUPPLEMENTARYDUTYHEADDETAILS.LIST>
      <TAXOBJECTALLOCATIONS.LIST>      </TAXOBJECTALLOCATIONS.LIST>
      <REFVOUCHERDETAILS.LIST>      </REFVOUCHERDETAILS.LIST>
      <EXCISEALLOCATIONS.LIST>      </EXCISEALLOCATIONS.LIST>
      <EXPENSEALLOCATIONS.LIST>      </EXPENSEALLOCATIONS.LIST>
     </ALLINVENTORYENTRIES.LIST>
     <ALLINVENTORYENTRIES.LIST>
      <ORIGINVOICEDATE/>
      <ORIGSALESINVDATE/>
      <DESCRIPTION/>
      <STOCKITEMNAME>Raval Plug</STOCKITEMNAME>
      <STATNATURENAME/>
      <EXCISECLASSIFICATIONNAME/>
      <ISZRBASICSERVICE/>
      <STRDGSTDERIVEDLOCATIONTYPE/>
      <STRDGSTDERIVEDTAXABILITY/>
      <STRDGSTDERIVEDNATURETYPE/>
      <STRDGSTDERIVEDSUPPLYTYPE/>
      <GSTOVRDNCLASSIFICATION/>
      <GSTOVRDNNATURE/>
      <GSTOVRDNINELIGIBLEITC/>
      <GSTOVRDNISREVCHARGEAPPL>&#4; Not Applicable</GSTOVRDNISREVCHARGEAPPL>
      <GSTOVRDNTAXABILITY>Taxable</GSTOVRDNTAXABILITY>
      <GSTSOURCETYPE>Stock Item</GSTSOURCETYPE>
      <GSTITEMSOURCE>Raval Plug</GSTITEMSOURCE>
      <GSTLEDGERSOURCE/>
      <GSTGROUPSOURCE/>
      <GSTSTOCKGROUPSOURCE/>
      <HSNSOURCETYPE>Stock Item</HSNSOURCETYPE>
      <HSNITEMSOURCE>Raval Plug</HSNITEMSOURCE>
      <HSNLEDGERSOURCE/>
      <HSNGROUPSOURCE/>
      <HSNSTOCKGROUPSOURCE/>
      <GSTOVRDNSTOREDNATURE>&#4; System Inferred</GSTOVRDNSTOREDNATURE>
      <GSTOVRDNTYPEOFSUPPLY>Goods</GSTOVRDNTYPEOFSUPPLY>
      <GSTRATEINFERAPPLICABILITY>As per Masters/Company</GSTRATEINFERAPPLICABILITY>
      <GSTOVRDNNATUREOFGOODS/>
      <GSTHSNNAME>39259090</GSTHSNNAME>
      <GSTHSNDESCRIPTION>PVC RAVAL PLUG</GSTHSNDESCRIPTION>
      <GSTHSNINFERAPPLICABILITY>As per Masters/Company</GSTHSNINFERAPPLICABILITY>
      <HSNOVRDNCLASSIFICATION/>
      <STRDGSTFINALNATUREOFENTRY/>
      <GSTDEPGSTCLASSIFICATION/>
      <GSTDEPHSNCLASSIFICATION/>
      <EXCISETARIFF/>
      <EXCISEEXEMPTION/>
      <TRADERCNSALESNUMBER/>
      <BASICPACKAGEMARKS/>
      <BASICNUMPACKAGES/>
      <SDTAXCLASSIFICATIONNAME/>
      <NATUREOFCOMPONENT/>
      <COMPONENTLISTTYPE/>
      <DISPLAYNATUREOFCOMPONENT/>
      <BOMNAME/>
      <ORIGINVOICENUMBER/>
      <ORIGINVOICEBOOKNAME/>
      <ORIGSALESINVNO/>
      <EXCISERETURNINVOICENO/>
      <REASONOFREJECTION/>
      <EXCISECREDITPARTY/>
      <EXCISECREDITSTKITEM/>
      <EXCISECREDITCATEGORY/>
      <TRADERSUPPLIERINVOICENO/>
      <EXCISESALESINVOICENO/>
      <GSTITEMUQC/>
      <GSTITEMUQCUOM/>
      <ADDLAMOUNT/>
      <ISDEEMEDPOSITIVE>No</ISDEEMEDPOSITIVE>
      <ISGSTASSESSABLEVALUEOVERRIDDEN/>
      <STRDISGSTAPPLICABLE/>
      <CONTENTNEGISPOS/>
      <ISLASTDEEMEDPOSITIVE>No</ISLASTDEEMEDPOSITIVE>
      <ISAUTONEGATE>No</ISAUTONEGATE>
      <ISCUSTOMSCLEARANCE/>
      <ISTRACKCOMPONENT/>
      <ISTRACKPRODUCTION/>
      <ISPRIMARYITEM/>
      <ISSCRAP>No</ISSCRAP>
      <RATE>40.00/pkts</RATE>
      <DISCOUNT>0</DISCOUNT>
      <VATTAXRATE>0</VATTAXRATE>
      <ORIGINVGOODSQTY>0</ORIGINVGOODSQTY>
      <EXCISEMRPABATEMENT>0</EXCISEMRPABATEMENT>
      <ADDLCOSTPERC>0</ADDLCOSTPERC>
      <REVISEDRATEOFDUTY>0</REVISEDRATEOFDUTY>
      <ORIGRATEOFDUTY>0</ORIGRATEOFDUTY>
      <ORIGMRPABATEMENT>0</ORIGMRPABATEMENT>
      <EXCISERETURNDUTYRATE>0</EXCISERETURNDUTYRATE>
      <GVATEXCISERATE>0</GVATEXCISERATE>
      <AMOUNT>200.00</AMOUNT>
      <EXCISEASSESSABLEVALUE/>
      <CESSASSVALONCLASS/>
      <EIDISCOUNTAMT/>
      <VATASSESSABLEVALUE/>
      <VATWCDEDUCTAMT/>
      <WCTOTALDEDUCTIONAMT/>
      <ORIGINVGOODSVALUE/>
      <GSTOVRDNASSESSABLEVALUE/>
      <GSTASSBLVALUE/>
      <STRDCOMPUTEDASSESSABLEVALUE/>
      <STRDCOMPUTEDIGST/>
      <STRDCOMPUTEDCGST/>
      <STRDCOMPUTEDSGST/>
      <STRDCOMPUTEDCESS/>
      <STRDCOMPUTEDCESSONQTY/>
      <ORIGINVGOODSTAXVALUE/>
      <VATASSBLVALUE/>
      <VATACCEPTEDTAXAMT/>
      <VATACCEPTEDADDLTAXAMT/>
      <STRDAPPRSTATECESSGST/>
      <STRDAPPROPRIATEDDISCOUNT/>
      <STRDEXCISETAX/>
      <VATINPUTTAXCREDIT/>
      <VATELIGIBLECREDIT/>
      <GVATEXCISEAMT/>
      <ACTUALQTY> 5.00 pkts</ACTUALQTY>
      <BILLEDQTY> 5.00 pkts</BILLEDQTY>
      <ORIGACTUALQTY/>
      <ORIGBILLEDQTY/>
      <EXCISERETURNINVOICEQTY/>
      <USABLEQTY/>
      <EXCISECREDITPENDINGQTY/>
      <MRPRATE/>
      <EXCISEMRPRATE/>
      <ORIGRATE/>
      <REVISEDRATE/>
      <ESCALATIONRATE/>
      <ORIGMRPRATE/>
      <ORIGRATEOFQTY/>
      <REVISEDRATEOFQTY/>
      <INCLVATRATE/>
      <BATCHALLOCATIONS.LIST>
       <MFDON/>
       <ORDERYEAREND/>
       <TRACKINGYEAREND/>
       <ORDERPRECLOSUREDATE/>
       <NARRATION/>
       <GODOWNNAME>Main Location</GODOWNNAME>
       <BATCHNAME>Primary Batch</BATCHNAME>
       <DESTINATIONGODOWNNAME/>
       <INDENTNO>&#4; Not Applicable</INDENTNO>
       <ORDERTYPE/>
       <PARENTITEM/>
       <ORDERCLOSUREREASON/>
       <ORDERNO>&#4; Not Applicable</ORDERNO>
       <TRACKINGNUMBER>13010</TRACKINGNUMBER>
       <DYNAMICCSTNO/>
       <DYNAMICCSTPARENTITEM/>
       <SUMDYNAMICCSTNO/>
       <SUMBATCHNAME/>
       <SUMTRACKINGNUMBER/>
       <SUMORDERNO/>
       <SUMINDENTNO/>
       <ADDLAMOUNT/>
       <DYNAMICCSTISCLEARED>No</DYNAMICCSTISCLEARED>
       <TRACKID TYPE="Number"> 47373</TRACKID>
       <BATCHID TYPE="Number"> 23557</BATCHID>
       <BATCHDISCOUNT TYPE="Number">0</BATCHDISCOUNT>
       <AMOUNT>200.00</AMOUNT>
       <ADDLEXPENSEAMOUNT/>
       <BATCHDIFFVAL/>
       <ACTUALQTY> 5.00 pkts</ACTUALQTY>
       <BILLEDQTY> 5.00 pkts</BILLEDQTY>
       <ORDERPRECLOSUREQTY/>
       <ORIGACTUALQTY/>
       <ORIGBILLEDQTY/>
       <BATCHPHYSDIFF/>
       <ORIGRATE/>
       <REVISEDRATE/>
       <ESCALATIONRATE/>
       <INCLVATRATE/>
       <BATCHRATE TYPE="Rate">40.00/pkts</BATCHRATE>
       <EXPIRYPERIOD/>
       <INDENTDUEDATE/>
       <ORDERDUEDATE/>
       <ADDITIONALDETAILS.LIST>       </ADDITIONALDETAILS.LIST>
       <VOUCHERCOMPONENTLIST.LIST>       </VOUCHERCOMPONENTLIST.LIST>
      </BATCHALLOCATIONS.LIST>
      <ACCOUNTINGALLOCATIONS.LIST>
       <OLDAUDITENTRYIDS.LIST TYPE="Number">
        <OLDAUDITENTRYIDS>-1</OLDAUDITENTRYIDS>
       </OLDAUDITENTRYIDS.LIST>
       <ORIGPURCHINVDATE/>
       <NARRATION/>
       <ADDLALLOCTYPE/>
       <TAXCLASSIFICATIONNAME/>
       <APPROPRIATEFOR/>
       <GSTDUTYHEAD/>
       <GSTAPPROPRIATETO/>
       <NOTIFICATIONSLNO/>
       <EXCISEALLOCTYPE/>
       <SWIFTCODE/>
       <ROUNDTYPE/>
       <LEDGERNAME>Sales Local Taxable - GST 18%</LEDGERNAME>
       <TAXUNITNAME/>
       <STATNATURENAME/>
       <GOODSTYPE/>
       <VATTRADENAME/>
       <METHODTYPE/>
       <CLASSRATE/>
       <STATCLASSIFICATIONNAME/>
       <EXCISECLASSIFICATIONNAME/>
       <ISZRBASICSERVICE/>
       <VATCOMMODITYNAME/>
       <SCHEDULE/>
       <SCHEDULESERIALNUMBER/>
       <VATCOMMODITYCODE/>
       <VATSUBCOMMODITYCODE/>
       <VATMAJORCOMMODITYNAME/>
       <STRDGSTDERIVEDLOCATIONTYPE/>
       <STRDGSTDERIVEDTAXABILITY/>
       <STRDGSTDERIVEDNATURETYPE/>
       <STRDGSTDERIVEDSUPPLYTYPE/>
       <TDSPARTYNAME/>
       <VATPARTYORGNAME/>
       <XBRLADJTYPE/>
       <VOUCHERFBTCATEGORY/>
       <TYPEOFTAXPAYMENT/>
       <VATCALCULATIONTYPE/>
       <VATWORKSCONTRACTTYPE/>
       <VATWCDESCRIPTION/>
       <GSTCLASS>&#4; Not Applicable</GSTCLASS>
       <SCHVIADJTYPE/>
       <GSTOVRDNCLASSIFICATION/>
       <GSTOVRDNNATURE/>
       <GSTOVRDNINELIGIBLEITC/>
       <GSTOVRDNISREVCHARGEAPPL/>
       <GSTOVRDNTAXABILITY/>
       <GSTHSNSACCODE/>
       <GSTSOURCETYPE/>
       <GSTITEMSOURCE/>
       <GSTLEDGERSOURCE/>
       <GSTGROUPSOURCE/>
       <GSTSTOCKGROUPSOURCE/>
       <HSNSOURCETYPE/>
       <HSNITEMSOURCE/>
       <HSNLEDGERSOURCE/>
       <HSNGROUPSOURCE/>
       <HSNSTOCKGROUPSOURCE/>
       <GSTOVRDNSTOREDNATURE/>
       <GSTOVRDNTYPEOFSUPPLY/>
       <GSTRATEINFERAPPLICABILITY/>
       <GSTOVRDNNATUREOFGOODS/>
       <GSTHSNNAME/>
       <GSTHSNDESCRIPTION/>
       <GSTHSNINFERAPPLICABILITY/>
       <HSNOVRDNCLASSIFICATION/>
       <STRDGSTFINALNATUREOFENTRY/>
       <STRDGSTDUTYHEAD/>
       <VATGOODSNATURE/>
       <GSTDEPGSTCLASSIFICATION/>
       <GSTDEPHSNCLASSIFICATION/>
       <POSPAYMENTTYPE/>
       <GSTPARTYLEDGER/>
       <ORIGPURCHPARTY/>
       <ORIGPURCHPARTYADDRESS/>
       <ORIGPURCHINVNO/>
       <ORIGPURCHNOTE/>
       <ISDEEMEDPOSITIVE>No</ISDEEMEDPOSITIVE>
       <LEDGERFROMITEM>No</LEDGERFROMITEM>
       <REMOVEZEROENTRIES/>
       <ISPARTYLEDGER>No</ISPARTYLEDGER>
       <GSTOVERRIDDEN>No</GSTOVERRIDDEN>
       <ISGSTASSESSABLEVALUEOVERRIDDEN>No</ISGSTASSESSABLEVALUEOVERRIDDEN>
       <STRDISGSTAPPLICABLE>No</STRDISGSTAPPLICABLE>
       <STRDGSTISPARTYLEDGER>No</STRDGSTISPARTYLEDGER>
       <STRDGSTISDUTYLEDGER>No</STRDGSTISDUTYLEDGER>
       <CONTENTNEGISPOS/>
       <ISLASTDEEMEDPOSITIVE>No</ISLASTDEEMEDPOSITIVE>
       <ISCAPVATTAXALTERED/>
       <ISCAPVATNOTCLAIMED>No</ISCAPVATNOTCLAIMED>
       <STCRADJPERCENT>0</STCRADJPERCENT>
       <ROUNDLIMIT>0</ROUNDLIMIT>
       <RATEOFADDLVAT>0</RATEOFADDLVAT>
       <RATEOFCESSONVAT>0</RATEOFCESSONVAT>
       <VATTAXRATE>0</VATTAXRATE>
       <VATITEMQTY>0</VATITEMQTY>
       <VATWCDEDUCTRATE>0</VATWCDEDUCTRATE>
       <PREVINVTOTALNUM>0</PREVINVTOTALNUM>
       <VATWCDEDUCTIONRATE>0</VATWCDEDUCTIONRATE>
       <GSTTAXRATE>0</GSTTAXRATE>
       <ORIGINVGOODSQTY>0</ORIGINVGOODSQTY>
       <CAPVATTAXRATE>0</CAPVATTAXRATE>
       <AMOUNT>200.00</AMOUNT>
       <CESSASSVALONCLASS/>
       <ADDNLVATCLASSAMT/>
       <EIDISCOUNTAMT/>
       <FBTEXEMPTAMOUNT/>
       <VATASSESSABLEVALUE/>
       <VATWCCOSTOFLAND/>
       <VATWCDEDLABOURCHARGES/>
       <VATWCOTHERDEDUCTIONAMT/>
       <VATWCVALUEOFTAXFREEGOODS/>
       <VATWCOTHERCHARGES/>
       <VATWCSUBCONTRACTORAMT/>
       <VATWCDEDUCTAMT/>
       <WCTOTALDEDUCTIONAMT/>
       <PREVAMOUNT/>
       <PREVINVTOTALAMT/>
       <VATWCDEDUCTIONAMOUNT/>
       <ORIGINVGOODSVALUE/>
       <CENVATCAPTINPUTAMT/>
       <GSTASSESSABLEVALUE/>
       <IGSTLIABILITY/>
       <CGSTLIABILITY/>
       <SGSTLIABILITY/>
       <GSTCESSLIABILITY/>
       <GSTOVRDNASSESSABLEVALUE/>
       <GSTASSBLVALUE/>
       <STRDCOMPUTEDASSESSABLEVALUE/>
       <STRDCOMPUTEDIGST/>
       <STRDCOMPUTEDCGST/>
       <STRDCOMPUTEDSGST/>
       <STRDCOMPUTEDCESS/>
       <STRDCOMPUTEDCESSONQTY/>
       <ORIGINVGOODSTAXVALUE/>
       <VATWCESTABLISHMENTCOST/>
       <VATWCCONTRACTORPROFIT/>
       <VATWCPLANNINGDESIGNFEES/>
       <VATWCMACHINERYTOOLSCHARGES/>
       <VATWCCONSUMABLESCOST/>
       <VATEXPAMOUNT/>
       <VATASSBLVALUE/>
       <VATACCEPTEDTAXAMT/>
       <VATACCEPTEDADDLTAXAMT/>
       <CASHRECEIVED/>
       <CAPVATASSEABLEVALUE/>
       <CAPVATTAXVALUE/>
       <ORIGPURCHVALUE/>
       <SUPPLYMARGVAL/>
       <STRDAPPRSTATECESSGST/>
       <STRDAPPROPRIATEDDISCOUNT/>
       <STRDEXCISETAX/>
       <SERVICETAXDETAILS.LIST>       </SERVICETAXDETAILS.LIST>
       <BANKALLOCATIONS.LIST>       </BANKALLOCATIONS.LIST>
       <BILLALLOCATIONS.LIST>       </BILLALLOCATIONS.LIST>
       <INTERESTCOLLECTION.LIST>       </INTERESTCOLLECTION.LIST>
       <OLDAUDITENTRIES.LIST>       </OLDAUDITENTRIES.LIST>
       <ACCOUNTAUDITENTRIES.LIST>       </ACCOUNTAUDITENTRIES.LIST>
       <AUDITENTRIES.LIST>       </AUDITENTRIES.LIST>
       <INPUTCRALLOCS.LIST>       </INPUTCRALLOCS.LIST>
       <DUTYHEADDETAILS.LIST>       </DUTYHEADDETAILS.LIST>
       <EXCISEDUTYHEADDETAILS.LIST>       </EXCISEDUTYHEADDETAILS.LIST>
       <RATEDETAILS.LIST>       </RATEDETAILS.LIST>
       <SUMMARYALLOCS.LIST>       </SUMMARYALLOCS.LIST>
       <CENVATDUTYALLOCATIONS.LIST>       </CENVATDUTYALLOCATIONS.LIST>
       <STPYMTDETAILS.LIST>       </STPYMTDETAILS.LIST>
       <EXCISEPAYMENTALLOCATIONS.LIST>       </EXCISEPAYMENTALLOCATIONS.LIST>
       <TAXBILLALLOCATIONS.LIST>       </TAXBILLALLOCATIONS.LIST>
       <TAXOBJECTALLOCATIONS.LIST>       </TAXOBJECTALLOCATIONS.LIST>
       <TDSEXPENSEALLOCATIONS.LIST>       </TDSEXPENSEALLOCATIONS.LIST>
       <VATSTATUTORYDETAILS.LIST>       </VATSTATUTORYDETAILS.LIST>
       <COSTTRACKALLOCATIONS.LIST>       </COSTTRACKALLOCATIONS.LIST>
       <REFVOUCHERDETAILS.LIST>       </REFVOUCHERDETAILS.LIST>
       <INVOICEWISEDETAILS.LIST>       </INVOICEWISEDETAILS.LIST>
       <VATITCDETAILS.LIST>       </VATITCDETAILS.LIST>
       <ADVANCETAXDETAILS.LIST>       </ADVANCETAXDETAILS.LIST>
       <TAXTYPEALLOCATIONS.LIST>       </TAXTYPEALLOCATIONS.LIST>
      </ACCOUNTINGALLOCATIONS.LIST>
      <DUTYHEADDETAILS.LIST>      </DUTYHEADDETAILS.LIST>
      <RATEDETAILS.LIST>
       <GSTRATEDUTYHEAD>CGST</GSTRATEDUTYHEAD>
       <GSTRATEVALUATIONTYPE>Based on Value</GSTRATEVALUATIONTYPE>
       <GSTRATE> 9</GSTRATE>
       <GSTRATEPERUNIT>0</GSTRATEPERUNIT>
      </RATEDETAILS.LIST>
      <RATEDETAILS.LIST>
       <GSTRATEDUTYHEAD>SGST/UTGST</GSTRATEDUTYHEAD>
       <GSTRATEVALUATIONTYPE>Based on Value</GSTRATEVALUATIONTYPE>
       <GSTRATE> 9</GSTRATE>
       <GSTRATEPERUNIT>0</GSTRATEPERUNIT>
      </RATEDETAILS.LIST>
      <RATEDETAILS.LIST>
       <GSTRATEDUTYHEAD>IGST</GSTRATEDUTYHEAD>
       <GSTRATEVALUATIONTYPE>Based on Value</GSTRATEVALUATIONTYPE>
       <GSTRATE> 18</GSTRATE>
       <GSTRATEPERUNIT>0</GSTRATEPERUNIT>
      </RATEDETAILS.LIST>
      <RATEDETAILS.LIST>
       <GSTRATEDUTYHEAD>Cess</GSTRATEDUTYHEAD>
       <GSTRATEVALUATIONTYPE>&#4; Not Applicable</GSTRATEVALUATIONTYPE>
       <GSTRATE>0</GSTRATE>
       <GSTRATEPERUNIT>0</GSTRATEPERUNIT>
      </RATEDETAILS.LIST>
      <RATEDETAILS.LIST>
       <GSTRATEDUTYHEAD>State Cess</GSTRATEDUTYHEAD>
       <GSTRATEVALUATIONTYPE>Based on Value</GSTRATEVALUATIONTYPE>
       <GSTRATE>0</GSTRATE>
       <GSTRATEPERUNIT>0</GSTRATEPERUNIT>
      </RATEDETAILS.LIST>
      <SUPPLEMENTARYDUTYHEADDETAILS.LIST>      </SUPPLEMENTARYDUTYHEADDETAILS.LIST>
      <TAXOBJECTALLOCATIONS.LIST>      </TAXOBJECTALLOCATIONS.LIST>
      <REFVOUCHERDETAILS.LIST>      </REFVOUCHERDETAILS.LIST>
      <EXCISEALLOCATIONS.LIST>      </EXCISEALLOCATIONS.LIST>
      <EXPENSEALLOCATIONS.LIST>      </EXPENSEALLOCATIONS.LIST>
     </ALLINVENTORYENTRIES.LIST>
     <ALLINVENTORYENTRIES.LIST>
      <ORIGINVOICEDATE/>
      <ORIGSALESINVDATE/>
      <DESCRIPTION/>
      <STOCKITEMNAME>Abrotape (Roll)</STOCKITEMNAME>
      <STATNATURENAME/>
      <EXCISECLASSIFICATIONNAME/>
      <ISZRBASICSERVICE/>
      <STRDGSTDERIVEDLOCATIONTYPE/>
      <STRDGSTDERIVEDTAXABILITY/>
      <STRDGSTDERIVEDNATURETYPE/>
      <STRDGSTDERIVEDSUPPLYTYPE/>
      <GSTOVRDNCLASSIFICATION/>
      <GSTOVRDNNATURE/>
      <GSTOVRDNINELIGIBLEITC/>
      <GSTOVRDNISREVCHARGEAPPL>&#4; Not Applicable</GSTOVRDNISREVCHARGEAPPL>
      <GSTOVRDNTAXABILITY>Taxable</GSTOVRDNTAXABILITY>
      <GSTSOURCETYPE>Stock Item</GSTSOURCETYPE>
      <GSTITEMSOURCE>Abrotape (Roll)</GSTITEMSOURCE>
      <GSTLEDGERSOURCE/>
      <GSTGROUPSOURCE/>
      <GSTSTOCKGROUPSOURCE/>
      <HSNSOURCETYPE>Stock Item</HSNSOURCETYPE>
      <HSNITEMSOURCE>Abrotape (Roll)</HSNITEMSOURCE>
      <HSNLEDGERSOURCE/>
      <HSNGROUPSOURCE/>
      <HSNSTOCKGROUPSOURCE/>
      <GSTOVRDNSTOREDNATURE>&#4; System Inferred</GSTOVRDNSTOREDNATURE>
      <GSTOVRDNTYPEOFSUPPLY>Goods</GSTOVRDNTYPEOFSUPPLY>
      <GSTRATEINFERAPPLICABILITY>As per Masters/Company</GSTRATEINFERAPPLICABILITY>
      <GSTOVRDNNATUREOFGOODS/>
      <GSTHSNNAME>48114100</GSTHSNNAME>
      <GSTHSNDESCRIPTION/>
      <GSTHSNINFERAPPLICABILITY>As per Masters/Company</GSTHSNINFERAPPLICABILITY>
      <HSNOVRDNCLASSIFICATION/>
      <STRDGSTFINALNATUREOFENTRY/>
      <GSTDEPGSTCLASSIFICATION/>
      <GSTDEPHSNCLASSIFICATION/>
      <EXCISETARIFF/>
      <EXCISEEXEMPTION/>
      <TRADERCNSALESNUMBER/>
      <BASICPACKAGEMARKS/>
      <BASICNUMPACKAGES/>
      <SDTAXCLASSIFICATIONNAME/>
      <NATUREOFCOMPONENT/>
      <COMPONENTLISTTYPE/>
      <DISPLAYNATUREOFCOMPONENT/>
      <BOMNAME/>
      <ORIGINVOICENUMBER/>
      <ORIGINVOICEBOOKNAME/>
      <ORIGSALESINVNO/>
      <EXCISERETURNINVOICENO/>
      <REASONOFREJECTION/>
      <EXCISECREDITPARTY/>
      <EXCISECREDITSTKITEM/>
      <EXCISECREDITCATEGORY/>
      <TRADERSUPPLIERINVOICENO/>
      <EXCISESALESINVOICENO/>
      <GSTITEMUQC/>
      <GSTITEMUQCUOM/>
      <ADDLAMOUNT/>
      <ISDEEMEDPOSITIVE>No</ISDEEMEDPOSITIVE>
      <ISGSTASSESSABLEVALUEOVERRIDDEN/>
      <STRDISGSTAPPLICABLE/>
      <CONTENTNEGISPOS/>
      <ISLASTDEEMEDPOSITIVE>No</ISLASTDEEMEDPOSITIVE>
      <ISAUTONEGATE>No</ISAUTONEGATE>
      <ISCUSTOMSCLEARANCE/>
      <ISTRACKCOMPONENT/>
      <ISTRACKPRODUCTION/>
      <ISPRIMARYITEM/>
      <ISSCRAP>No</ISSCRAP>
      <RATE>130.00/Roll</RATE>
      <DISCOUNT>0</DISCOUNT>
      <VATTAXRATE>0</VATTAXRATE>
      <ORIGINVGOODSQTY>0</ORIGINVGOODSQTY>
      <EXCISEMRPABATEMENT>0</EXCISEMRPABATEMENT>
      <ADDLCOSTPERC>0</ADDLCOSTPERC>
      <REVISEDRATEOFDUTY>0</REVISEDRATEOFDUTY>
      <ORIGRATEOFDUTY>0</ORIGRATEOFDUTY>
      <ORIGMRPABATEMENT>0</ORIGMRPABATEMENT>
      <EXCISERETURNDUTYRATE>0</EXCISERETURNDUTYRATE>
      <GVATEXCISERATE>0</GVATEXCISERATE>
      <AMOUNT>1300.00</AMOUNT>
      <EXCISEASSESSABLEVALUE/>
      <CESSASSVALONCLASS/>
      <EIDISCOUNTAMT/>
      <VATASSESSABLEVALUE/>
      <VATWCDEDUCTAMT/>
      <WCTOTALDEDUCTIONAMT/>
      <ORIGINVGOODSVALUE/>
      <GSTOVRDNASSESSABLEVALUE/>
      <GSTASSBLVALUE/>
      <STRDCOMPUTEDASSESSABLEVALUE/>
      <STRDCOMPUTEDIGST/>
      <STRDCOMPUTEDCGST/>
      <STRDCOMPUTEDSGST/>
      <STRDCOMPUTEDCESS/>
      <STRDCOMPUTEDCESSONQTY/>
      <ORIGINVGOODSTAXVALUE/>
      <VATASSBLVALUE/>
      <VATACCEPTEDTAXAMT/>
      <VATACCEPTEDADDLTAXAMT/>
      <STRDAPPRSTATECESSGST/>
      <STRDAPPROPRIATEDDISCOUNT/>
      <STRDEXCISETAX/>
      <VATINPUTTAXCREDIT/>
      <VATELIGIBLECREDIT/>
      <GVATEXCISEAMT/>
      <ACTUALQTY> 10 Roll</ACTUALQTY>
      <BILLEDQTY> 10 Roll</BILLEDQTY>
      <ORIGACTUALQTY/>
      <ORIGBILLEDQTY/>
      <EXCISERETURNINVOICEQTY/>
      <USABLEQTY/>
      <EXCISECREDITPENDINGQTY/>
      <MRPRATE/>
      <EXCISEMRPRATE/>
      <ORIGRATE/>
      <REVISEDRATE/>
      <ESCALATIONRATE/>
      <ORIGMRPRATE/>
      <ORIGRATEOFQTY/>
      <REVISEDRATEOFQTY/>
      <INCLVATRATE/>
      <BATCHALLOCATIONS.LIST>
       <MFDON/>
       <ORDERYEAREND/>
       <TRACKINGYEAREND/>
       <ORDERPRECLOSUREDATE/>
       <NARRATION/>
       <GODOWNNAME>Main Location</GODOWNNAME>
       <BATCHNAME>Primary Batch</BATCHNAME>
       <DESTINATIONGODOWNNAME/>
       <INDENTNO>&#4; Not Applicable</INDENTNO>
       <ORDERTYPE/>
       <PARENTITEM/>
       <ORDERCLOSUREREASON/>
       <ORDERNO>&#4; Not Applicable</ORDERNO>
       <TRACKINGNUMBER>13010</TRACKINGNUMBER>
       <DYNAMICCSTNO/>
       <DYNAMICCSTPARENTITEM/>
       <SUMDYNAMICCSTNO/>
       <SUMBATCHNAME/>
       <SUMTRACKINGNUMBER/>
       <SUMORDERNO/>
       <SUMINDENTNO/>
       <ADDLAMOUNT/>
       <DYNAMICCSTISCLEARED>No</DYNAMICCSTISCLEARED>
       <TRACKID TYPE="Number"> 47374</TRACKID>
       <BATCHID TYPE="Number"> 23497</BATCHID>
       <BATCHDISCOUNT TYPE="Number">0</BATCHDISCOUNT>
       <AMOUNT>1300.00</AMOUNT>
       <ADDLEXPENSEAMOUNT/>
       <BATCHDIFFVAL/>
       <ACTUALQTY> 10 Roll</ACTUALQTY>
       <BILLEDQTY> 10 Roll</BILLEDQTY>
       <ORDERPRECLOSUREQTY/>
       <ORIGACTUALQTY/>
       <ORIGBILLEDQTY/>
       <BATCHPHYSDIFF/>
       <ORIGRATE/>
       <REVISEDRATE/>
       <ESCALATIONRATE/>
       <INCLVATRATE/>
       <BATCHRATE TYPE="Rate">130.00/Roll</BATCHRATE>
       <EXPIRYPERIOD/>
       <INDENTDUEDATE/>
       <ORDERDUEDATE/>
       <ADDITIONALDETAILS.LIST>       </ADDITIONALDETAILS.LIST>
       <VOUCHERCOMPONENTLIST.LIST>       </VOUCHERCOMPONENTLIST.LIST>
      </BATCHALLOCATIONS.LIST>
      <ACCOUNTINGALLOCATIONS.LIST>
       <OLDAUDITENTRYIDS.LIST TYPE="Number">
        <OLDAUDITENTRYIDS>-1</OLDAUDITENTRYIDS>
       </OLDAUDITENTRYIDS.LIST>
       <ORIGPURCHINVDATE/>
       <NARRATION/>
       <ADDLALLOCTYPE/>
       <TAXCLASSIFICATIONNAME/>
       <APPROPRIATEFOR/>
       <GSTDUTYHEAD/>
       <GSTAPPROPRIATETO/>
       <NOTIFICATIONSLNO/>
       <EXCISEALLOCTYPE/>
       <SWIFTCODE/>
       <ROUNDTYPE/>
       <LEDGERNAME>Sales Local Taxable - GST 18%</LEDGERNAME>
       <TAXUNITNAME/>
       <STATNATURENAME/>
       <GOODSTYPE/>
       <VATTRADENAME/>
       <METHODTYPE/>
       <CLASSRATE/>
       <STATCLASSIFICATIONNAME/>
       <EXCISECLASSIFICATIONNAME/>
       <ISZRBASICSERVICE/>
       <VATCOMMODITYNAME/>
       <SCHEDULE/>
       <SCHEDULESERIALNUMBER/>
       <VATCOMMODITYCODE/>
       <VATSUBCOMMODITYCODE/>
       <VATMAJORCOMMODITYNAME/>
       <STRDGSTDERIVEDLOCATIONTYPE/>
       <STRDGSTDERIVEDTAXABILITY/>
       <STRDGSTDERIVEDNATURETYPE/>
       <STRDGSTDERIVEDSUPPLYTYPE/>
       <TDSPARTYNAME/>
       <VATPARTYORGNAME/>
       <XBRLADJTYPE/>
       <VOUCHERFBTCATEGORY/>
       <TYPEOFTAXPAYMENT/>
       <VATCALCULATIONTYPE/>
       <VATWORKSCONTRACTTYPE/>
       <VATWCDESCRIPTION/>
       <GSTCLASS>&#4; Not Applicable</GSTCLASS>
       <SCHVIADJTYPE/>
       <GSTOVRDNCLASSIFICATION/>
       <GSTOVRDNNATURE/>
       <GSTOVRDNINELIGIBLEITC/>
       <GSTOVRDNISREVCHARGEAPPL/>
       <GSTOVRDNTAXABILITY/>
       <GSTHSNSACCODE/>
       <GSTSOURCETYPE/>
       <GSTITEMSOURCE/>
       <GSTLEDGERSOURCE/>
       <GSTGROUPSOURCE/>
       <GSTSTOCKGROUPSOURCE/>
       <HSNSOURCETYPE/>
       <HSNITEMSOURCE/>
       <HSNLEDGERSOURCE/>
       <HSNGROUPSOURCE/>
       <HSNSTOCKGROUPSOURCE/>
       <GSTOVRDNSTOREDNATURE/>
       <GSTOVRDNTYPEOFSUPPLY/>
       <GSTRATEINFERAPPLICABILITY/>
       <GSTOVRDNNATUREOFGOODS/>
       <GSTHSNNAME/>
       <GSTHSNDESCRIPTION/>
       <GSTHSNINFERAPPLICABILITY/>
       <HSNOVRDNCLASSIFICATION/>
       <STRDGSTFINALNATUREOFENTRY/>
       <STRDGSTDUTYHEAD/>
       <VATGOODSNATURE/>
       <GSTDEPGSTCLASSIFICATION/>
       <GSTDEPHSNCLASSIFICATION/>
       <POSPAYMENTTYPE/>
       <GSTPARTYLEDGER/>
       <ORIGPURCHPARTY/>
       <ORIGPURCHPARTYADDRESS/>
       <ORIGPURCHINVNO/>
       <ORIGPURCHNOTE/>
       <ISDEEMEDPOSITIVE>No</ISDEEMEDPOSITIVE>
       <LEDGERFROMITEM>No</LEDGERFROMITEM>
       <REMOVEZEROENTRIES/>
       <ISPARTYLEDGER>No</ISPARTYLEDGER>
       <GSTOVERRIDDEN>No</GSTOVERRIDDEN>
       <ISGSTASSESSABLEVALUEOVERRIDDEN>No</ISGSTASSESSABLEVALUEOVERRIDDEN>
       <STRDISGSTAPPLICABLE>No</STRDISGSTAPPLICABLE>
       <STRDGSTISPARTYLEDGER>No</STRDGSTISPARTYLEDGER>
       <STRDGSTISDUTYLEDGER>No</STRDGSTISDUTYLEDGER>
       <CONTENTNEGISPOS/>
       <ISLASTDEEMEDPOSITIVE>No</ISLASTDEEMEDPOSITIVE>
       <ISCAPVATTAXALTERED/>
       <ISCAPVATNOTCLAIMED>No</ISCAPVATNOTCLAIMED>
       <STCRADJPERCENT>0</STCRADJPERCENT>
       <ROUNDLIMIT>0</ROUNDLIMIT>
       <RATEOFADDLVAT>0</RATEOFADDLVAT>
       <RATEOFCESSONVAT>0</RATEOFCESSONVAT>
       <VATTAXRATE>0</VATTAXRATE>
       <VATITEMQTY>0</VATITEMQTY>
       <VATWCDEDUCTRATE>0</VATWCDEDUCTRATE>
       <PREVINVTOTALNUM>0</PREVINVTOTALNUM>
       <VATWCDEDUCTIONRATE>0</VATWCDEDUCTIONRATE>
       <GSTTAXRATE>0</GSTTAXRATE>
       <ORIGINVGOODSQTY>0</ORIGINVGOODSQTY>
       <CAPVATTAXRATE>0</CAPVATTAXRATE>
       <AMOUNT>1300.00</AMOUNT>
       <CESSASSVALONCLASS/>
       <ADDNLVATCLASSAMT/>
       <EIDISCOUNTAMT/>
       <FBTEXEMPTAMOUNT/>
       <VATASSESSABLEVALUE/>
       <VATWCCOSTOFLAND/>
       <VATWCDEDLABOURCHARGES/>
       <VATWCOTHERDEDUCTIONAMT/>
       <VATWCVALUEOFTAXFREEGOODS/>
       <VATWCOTHERCHARGES/>
       <VATWCSUBCONTRACTORAMT/>
       <VATWCDEDUCTAMT/>
       <WCTOTALDEDUCTIONAMT/>
       <PREVAMOUNT/>
       <PREVINVTOTALAMT/>
       <VATWCDEDUCTIONAMOUNT/>
       <ORIGINVGOODSVALUE/>
       <CENVATCAPTINPUTAMT/>
       <GSTASSESSABLEVALUE/>
       <IGSTLIABILITY/>
       <CGSTLIABILITY/>
       <SGSTLIABILITY/>
       <GSTCESSLIABILITY/>
       <GSTOVRDNASSESSABLEVALUE/>
       <GSTASSBLVALUE/>
       <STRDCOMPUTEDASSESSABLEVALUE/>
       <STRDCOMPUTEDIGST/>
       <STRDCOMPUTEDCGST/>
       <STRDCOMPUTEDSGST/>
       <STRDCOMPUTEDCESS/>
       <STRDCOMPUTEDCESSONQTY/>
       <ORIGINVGOODSTAXVALUE/>
       <VATWCESTABLISHMENTCOST/>
       <VATWCCONTRACTORPROFIT/>
       <VATWCPLANNINGDESIGNFEES/>
       <VATWCMACHINERYTOOLSCHARGES/>
       <VATWCCONSUMABLESCOST/>
       <VATEXPAMOUNT/>
       <VATASSBLVALUE/>
       <VATACCEPTEDTAXAMT/>
       <VATACCEPTEDADDLTAXAMT/>
       <CASHRECEIVED/>
       <CAPVATASSEABLEVALUE/>
       <CAPVATTAXVALUE/>
       <ORIGPURCHVALUE/>
       <SUPPLYMARGVAL/>
       <STRDAPPRSTATECESSGST/>
       <STRDAPPROPRIATEDDISCOUNT/>
       <STRDEXCISETAX/>
       <SERVICETAXDETAILS.LIST>       </SERVICETAXDETAILS.LIST>
       <BANKALLOCATIONS.LIST>       </BANKALLOCATIONS.LIST>
       <BILLALLOCATIONS.LIST>       </BILLALLOCATIONS.LIST>
       <INTERESTCOLLECTION.LIST>       </INTERESTCOLLECTION.LIST>
       <OLDAUDITENTRIES.LIST>       </OLDAUDITENTRIES.LIST>
       <ACCOUNTAUDITENTRIES.LIST>       </ACCOUNTAUDITENTRIES.LIST>
       <AUDITENTRIES.LIST>       </AUDITENTRIES.LIST>
       <INPUTCRALLOCS.LIST>       </INPUTCRALLOCS.LIST>
       <DUTYHEADDETAILS.LIST>       </DUTYHEADDETAILS.LIST>
       <EXCISEDUTYHEADDETAILS.LIST>       </EXCISEDUTYHEADDETAILS.LIST>
       <RATEDETAILS.LIST>       </RATEDETAILS.LIST>
       <SUMMARYALLOCS.LIST>       </SUMMARYALLOCS.LIST>
       <CENVATDUTYALLOCATIONS.LIST>       </CENVATDUTYALLOCATIONS.LIST>
       <STPYMTDETAILS.LIST>       </STPYMTDETAILS.LIST>
       <EXCISEPAYMENTALLOCATIONS.LIST>       </EXCISEPAYMENTALLOCATIONS.LIST>
       <TAXBILLALLOCATIONS.LIST>       </TAXBILLALLOCATIONS.LIST>
       <TAXOBJECTALLOCATIONS.LIST>       </TAXOBJECTALLOCATIONS.LIST>
       <TDSEXPENSEALLOCATIONS.LIST>       </TDSEXPENSEALLOCATIONS.LIST>
       <VATSTATUTORYDETAILS.LIST>       </VATSTATUTORYDETAILS.LIST>
       <COSTTRACKALLOCATIONS.LIST>       </COSTTRACKALLOCATIONS.LIST>
       <REFVOUCHERDETAILS.LIST>       </REFVOUCHERDETAILS.LIST>
       <INVOICEWISEDETAILS.LIST>       </INVOICEWISEDETAILS.LIST>
       <VATITCDETAILS.LIST>       </VATITCDETAILS.LIST>
       <ADVANCETAXDETAILS.LIST>       </ADVANCETAXDETAILS.LIST>
       <TAXTYPEALLOCATIONS.LIST>       </TAXTYPEALLOCATIONS.LIST>
      </ACCOUNTINGALLOCATIONS.LIST>
      <DUTYHEADDETAILS.LIST>      </DUTYHEADDETAILS.LIST>
      <RATEDETAILS.LIST>
       <GSTRATEDUTYHEAD>CGST</GSTRATEDUTYHEAD>
       <GSTRATEVALUATIONTYPE>Based on Value</GSTRATEVALUATIONTYPE>
       <GSTRATE> 9</GSTRATE>
       <GSTRATEPERUNIT>0</GSTRATEPERUNIT>
      </RATEDETAILS.LIST>
      <RATEDETAILS.LIST>
       <GSTRATEDUTYHEAD>SGST/UTGST</GSTRATEDUTYHEAD>
       <GSTRATEVALUATIONTYPE>Based on Value</GSTRATEVALUATIONTYPE>
       <GSTRATE> 9</GSTRATE>
       <GSTRATEPERUNIT>0</GSTRATEPERUNIT>
      </RATEDETAILS.LIST>
      <RATEDETAILS.LIST>
       <GSTRATEDUTYHEAD>IGST</GSTRATEDUTYHEAD>
       <GSTRATEVALUATIONTYPE>Based on Value</GSTRATEVALUATIONTYPE>
       <GSTRATE> 18</GSTRATE>
       <GSTRATEPERUNIT>0</GSTRATEPERUNIT>
      </RATEDETAILS.LIST>
      <RATEDETAILS.LIST>
       <GSTRATEDUTYHEAD>Cess</GSTRATEDUTYHEAD>
       <GSTRATEVALUATIONTYPE>&#4; Not Applicable</GSTRATEVALUATIONTYPE>
       <GSTRATE>0</GSTRATE>
       <GSTRATEPERUNIT>0</GSTRATEPERUNIT>
      </RATEDETAILS.LIST>
      <RATEDETAILS.LIST>
       <GSTRATEDUTYHEAD>State Cess</GSTRATEDUTYHEAD>
       <GSTRATEVALUATIONTYPE>Based on Value</GSTRATEVALUATIONTYPE>
       <GSTRATE>0</GSTRATE>
       <GSTRATEPERUNIT>0</GSTRATEPERUNIT>
      </RATEDETAILS.LIST>
      <SUPPLEMENTARYDUTYHEADDETAILS.LIST>      </SUPPLEMENTARYDUTYHEADDETAILS.LIST>
      <TAXOBJECTALLOCATIONS.LIST>      </TAXOBJECTALLOCATIONS.LIST>
      <REFVOUCHERDETAILS.LIST>      </REFVOUCHERDETAILS.LIST>
      <EXCISEALLOCATIONS.LIST>      </EXCISEALLOCATIONS.LIST>
      <EXPENSEALLOCATIONS.LIST>      </EXPENSEALLOCATIONS.LIST>
     </ALLINVENTORYENTRIES.LIST>
     <ALLINVENTORYENTRIES.LIST>
      <ORIGINVOICEDATE/>
      <ORIGSALESINVDATE/>
      <DESCRIPTION/>
      <STOCKITEMNAME>Hinges</STOCKITEMNAME>
      <STATNATURENAME/>
      <EXCISECLASSIFICATIONNAME/>
      <ISZRBASICSERVICE/>
      <STRDGSTDERIVEDLOCATIONTYPE/>
      <STRDGSTDERIVEDTAXABILITY/>
      <STRDGSTDERIVEDNATURETYPE/>
      <STRDGSTDERIVEDSUPPLYTYPE/>
      <GSTOVRDNCLASSIFICATION/>
      <GSTOVRDNNATURE/>
      <GSTOVRDNINELIGIBLEITC/>
      <GSTOVRDNISREVCHARGEAPPL>&#4; Not Applicable</GSTOVRDNISREVCHARGEAPPL>
      <GSTOVRDNTAXABILITY>Taxable</GSTOVRDNTAXABILITY>
      <GSTSOURCETYPE>Stock Item</GSTSOURCETYPE>
      <GSTITEMSOURCE>Hinges</GSTITEMSOURCE>
      <GSTLEDGERSOURCE/>
      <GSTGROUPSOURCE/>
      <GSTSTOCKGROUPSOURCE/>
      <HSNSOURCETYPE>Stock Item</HSNSOURCETYPE>
      <HSNITEMSOURCE>Hinges</HSNITEMSOURCE>
      <HSNLEDGERSOURCE/>
      <HSNGROUPSOURCE/>
      <HSNSTOCKGROUPSOURCE/>
      <GSTOVRDNSTOREDNATURE>&#4; System Inferred</GSTOVRDNSTOREDNATURE>
      <GSTOVRDNTYPEOFSUPPLY>Goods</GSTOVRDNTYPEOFSUPPLY>
      <GSTRATEINFERAPPLICABILITY>As per Masters/Company</GSTRATEINFERAPPLICABILITY>
      <GSTOVRDNNATUREOFGOODS/>
      <GSTHSNNAME>83024190</GSTHSNNAME>
      <GSTHSNDESCRIPTION>SS HINGES</GSTHSNDESCRIPTION>
      <GSTHSNINFERAPPLICABILITY>As per Masters/Company</GSTHSNINFERAPPLICABILITY>
      <HSNOVRDNCLASSIFICATION/>
      <STRDGSTFINALNATUREOFENTRY/>
      <GSTDEPGSTCLASSIFICATION/>
      <GSTDEPHSNCLASSIFICATION/>
      <EXCISETARIFF/>
      <EXCISEEXEMPTION/>
      <TRADERCNSALESNUMBER/>
      <BASICPACKAGEMARKS/>
      <BASICNUMPACKAGES/>
      <SDTAXCLASSIFICATIONNAME/>
      <NATUREOFCOMPONENT/>
      <COMPONENTLISTTYPE/>
      <DISPLAYNATUREOFCOMPONENT/>
      <BOMNAME/>
      <ORIGINVOICENUMBER/>
      <ORIGINVOICEBOOKNAME/>
      <ORIGSALESINVNO/>
      <EXCISERETURNINVOICENO/>
      <REASONOFREJECTION/>
      <EXCISECREDITPARTY/>
      <EXCISECREDITSTKITEM/>
      <EXCISECREDITCATEGORY/>
      <TRADERSUPPLIERINVOICENO/>
      <EXCISESALESINVOICENO/>
      <GSTITEMUQC/>
      <GSTITEMUQCUOM/>
      <ADDLAMOUNT/>
      <ISDEEMEDPOSITIVE>No</ISDEEMEDPOSITIVE>
      <ISGSTASSESSABLEVALUEOVERRIDDEN/>
      <STRDISGSTAPPLICABLE/>
      <CONTENTNEGISPOS/>
      <ISLASTDEEMEDPOSITIVE>No</ISLASTDEEMEDPOSITIVE>
      <ISAUTONEGATE>No</ISAUTONEGATE>
      <ISCUSTOMSCLEARANCE/>
      <ISTRACKCOMPONENT/>
      <ISTRACKPRODUCTION/>
      <ISPRIMARYITEM/>
      <ISSCRAP>No</ISSCRAP>
      <RATE>205.00/nos</RATE>
      <DISCOUNT>0</DISCOUNT>
      <VATTAXRATE>0</VATTAXRATE>
      <ORIGINVGOODSQTY>0</ORIGINVGOODSQTY>
      <EXCISEMRPABATEMENT>0</EXCISEMRPABATEMENT>
      <ADDLCOSTPERC>0</ADDLCOSTPERC>
      <REVISEDRATEOFDUTY>0</REVISEDRATEOFDUTY>
      <ORIGRATEOFDUTY>0</ORIGRATEOFDUTY>
      <ORIGMRPABATEMENT>0</ORIGMRPABATEMENT>
      <EXCISERETURNDUTYRATE>0</EXCISERETURNDUTYRATE>
      <GVATEXCISERATE>0</GVATEXCISERATE>
      <AMOUNT>1845.00</AMOUNT>
      <EXCISEASSESSABLEVALUE/>
      <CESSASSVALONCLASS/>
      <EIDISCOUNTAMT/>
      <VATASSESSABLEVALUE/>
      <VATWCDEDUCTAMT/>
      <WCTOTALDEDUCTIONAMT/>
      <ORIGINVGOODSVALUE/>
      <GSTOVRDNASSESSABLEVALUE/>
      <GSTASSBLVALUE/>
      <STRDCOMPUTEDASSESSABLEVALUE/>
      <STRDCOMPUTEDIGST/>
      <STRDCOMPUTEDCGST/>
      <STRDCOMPUTEDSGST/>
      <STRDCOMPUTEDCESS/>
      <STRDCOMPUTEDCESSONQTY/>
      <ORIGINVGOODSTAXVALUE/>
      <VATASSBLVALUE/>
      <VATACCEPTEDTAXAMT/>
      <VATACCEPTEDADDLTAXAMT/>
      <STRDAPPRSTATECESSGST/>
      <STRDAPPROPRIATEDDISCOUNT/>
      <STRDEXCISETAX/>
      <VATINPUTTAXCREDIT/>
      <VATELIGIBLECREDIT/>
      <GVATEXCISEAMT/>
      <ACTUALQTY> 9.00 nos</ACTUALQTY>
      <BILLEDQTY> 9.00 nos</BILLEDQTY>
      <ORIGACTUALQTY/>
      <ORIGBILLEDQTY/>
      <EXCISERETURNINVOICEQTY/>
      <USABLEQTY/>
      <EXCISECREDITPENDINGQTY/>
      <MRPRATE/>
      <EXCISEMRPRATE/>
      <ORIGRATE/>
      <REVISEDRATE/>
      <ESCALATIONRATE/>
      <ORIGMRPRATE/>
      <ORIGRATEOFQTY/>
      <REVISEDRATEOFQTY/>
      <INCLVATRATE/>
      <BATCHALLOCATIONS.LIST>
       <MFDON/>
       <ORDERYEAREND/>
       <TRACKINGYEAREND/>
       <ORDERPRECLOSUREDATE/>
       <NARRATION/>
       <GODOWNNAME>Main Location</GODOWNNAME>
       <BATCHNAME>Primary Batch</BATCHNAME>
       <DESTINATIONGODOWNNAME/>
       <INDENTNO>&#4; Not Applicable</INDENTNO>
       <ORDERTYPE/>
       <PARENTITEM/>
       <ORDERCLOSUREREASON/>
       <ORDERNO>&#4; Not Applicable</ORDERNO>
       <TRACKINGNUMBER>13010</TRACKINGNUMBER>
       <DYNAMICCSTNO/>
       <DYNAMICCSTPARENTITEM/>
       <SUMDYNAMICCSTNO/>
       <SUMBATCHNAME/>
       <SUMTRACKINGNUMBER/>
       <SUMORDERNO/>
       <SUMINDENTNO/>
       <ADDLAMOUNT/>
       <DYNAMICCSTISCLEARED>No</DYNAMICCSTISCLEARED>
       <TRACKID TYPE="Number"> 47375</TRACKID>
       <BATCHID TYPE="Number"> 23507</BATCHID>
       <BATCHDISCOUNT TYPE="Number">0</BATCHDISCOUNT>
       <AMOUNT>1845.00</AMOUNT>
       <ADDLEXPENSEAMOUNT/>
       <BATCHDIFFVAL/>
       <ACTUALQTY> 9.00 nos</ACTUALQTY>
       <BILLEDQTY> 9.00 nos</BILLEDQTY>
       <ORDERPRECLOSUREQTY/>
       <ORIGACTUALQTY/>
       <ORIGBILLEDQTY/>
       <BATCHPHYSDIFF/>
       <ORIGRATE/>
       <REVISEDRATE/>
       <ESCALATIONRATE/>
       <INCLVATRATE/>
       <BATCHRATE TYPE="Rate">205.00/nos</BATCHRATE>
       <EXPIRYPERIOD/>
       <INDENTDUEDATE/>
       <ORDERDUEDATE/>
       <ADDITIONALDETAILS.LIST>       </ADDITIONALDETAILS.LIST>
       <VOUCHERCOMPONENTLIST.LIST>       </VOUCHERCOMPONENTLIST.LIST>
      </BATCHALLOCATIONS.LIST>
      <ACCOUNTINGALLOCATIONS.LIST>
       <OLDAUDITENTRYIDS.LIST TYPE="Number">
        <OLDAUDITENTRYIDS>-1</OLDAUDITENTRYIDS>
       </OLDAUDITENTRYIDS.LIST>
       <ORIGPURCHINVDATE/>
       <NARRATION/>
       <ADDLALLOCTYPE/>
       <TAXCLASSIFICATIONNAME/>
       <APPROPRIATEFOR/>
       <GSTDUTYHEAD/>
       <GSTAPPROPRIATETO/>
       <NOTIFICATIONSLNO/>
       <EXCISEALLOCTYPE/>
       <SWIFTCODE/>
       <ROUNDTYPE/>
       <LEDGERNAME>Sales Local Taxable - GST 18%</LEDGERNAME>
       <TAXUNITNAME/>
       <STATNATURENAME/>
       <GOODSTYPE/>
       <VATTRADENAME/>
       <METHODTYPE/>
       <CLASSRATE/>
       <STATCLASSIFICATIONNAME/>
       <EXCISECLASSIFICATIONNAME/>
       <ISZRBASICSERVICE/>
       <VATCOMMODITYNAME/>
       <SCHEDULE/>
       <SCHEDULESERIALNUMBER/>
       <VATCOMMODITYCODE/>
       <VATSUBCOMMODITYCODE/>
       <VATMAJORCOMMODITYNAME/>
       <STRDGSTDERIVEDLOCATIONTYPE/>
       <STRDGSTDERIVEDTAXABILITY/>
       <STRDGSTDERIVEDNATURETYPE/>
       <STRDGSTDERIVEDSUPPLYTYPE/>
       <TDSPARTYNAME/>
       <VATPARTYORGNAME/>
       <XBRLADJTYPE/>
       <VOUCHERFBTCATEGORY/>
       <TYPEOFTAXPAYMENT/>
       <VATCALCULATIONTYPE/>
       <VATWORKSCONTRACTTYPE/>
       <VATWCDESCRIPTION/>
       <GSTCLASS>&#4; Not Applicable</GSTCLASS>
       <SCHVIADJTYPE/>
       <GSTOVRDNCLASSIFICATION/>
       <GSTOVRDNNATURE/>
       <GSTOVRDNINELIGIBLEITC/>
       <GSTOVRDNISREVCHARGEAPPL/>
       <GSTOVRDNTAXABILITY/>
       <GSTHSNSACCODE/>
       <GSTSOURCETYPE/>
       <GSTITEMSOURCE/>
       <GSTLEDGERSOURCE/>
       <GSTGROUPSOURCE/>
       <GSTSTOCKGROUPSOURCE/>
       <HSNSOURCETYPE/>
       <HSNITEMSOURCE/>
       <HSNLEDGERSOURCE/>
       <HSNGROUPSOURCE/>
       <HSNSTOCKGROUPSOURCE/>
       <GSTOVRDNSTOREDNATURE/>
       <GSTOVRDNTYPEOFSUPPLY/>
       <GSTRATEINFERAPPLICABILITY/>
       <GSTOVRDNNATUREOFGOODS/>
       <GSTHSNNAME/>
       <GSTHSNDESCRIPTION/>
       <GSTHSNINFERAPPLICABILITY/>
       <HSNOVRDNCLASSIFICATION/>
       <STRDGSTFINALNATUREOFENTRY/>
       <STRDGSTDUTYHEAD/>
       <VATGOODSNATURE/>
       <GSTDEPGSTCLASSIFICATION/>
       <GSTDEPHSNCLASSIFICATION/>
       <POSPAYMENTTYPE/>
       <GSTPARTYLEDGER/>
       <ORIGPURCHPARTY/>
       <ORIGPURCHPARTYADDRESS/>
       <ORIGPURCHINVNO/>
       <ORIGPURCHNOTE/>
       <ISDEEMEDPOSITIVE>No</ISDEEMEDPOSITIVE>
       <LEDGERFROMITEM>No</LEDGERFROMITEM>
       <REMOVEZEROENTRIES/>
       <ISPARTYLEDGER>No</ISPARTYLEDGER>
       <GSTOVERRIDDEN>No</GSTOVERRIDDEN>
       <ISGSTASSESSABLEVALUEOVERRIDDEN>No</ISGSTASSESSABLEVALUEOVERRIDDEN>
       <STRDISGSTAPPLICABLE>No</STRDISGSTAPPLICABLE>
       <STRDGSTISPARTYLEDGER>No</STRDGSTISPARTYLEDGER>
       <STRDGSTISDUTYLEDGER>No</STRDGSTISDUTYLEDGER>
       <CONTENTNEGISPOS/>
       <ISLASTDEEMEDPOSITIVE>No</ISLASTDEEMEDPOSITIVE>
       <ISCAPVATTAXALTERED/>
       <ISCAPVATNOTCLAIMED>No</ISCAPVATNOTCLAIMED>
       <STCRADJPERCENT>0</STCRADJPERCENT>
       <ROUNDLIMIT>0</ROUNDLIMIT>
       <RATEOFADDLVAT>0</RATEOFADDLVAT>
       <RATEOFCESSONVAT>0</RATEOFCESSONVAT>
       <VATTAXRATE>0</VATTAXRATE>
       <VATITEMQTY>0</VATITEMQTY>
       <VATWCDEDUCTRATE>0</VATWCDEDUCTRATE>
       <PREVINVTOTALNUM>0</PREVINVTOTALNUM>
       <VATWCDEDUCTIONRATE>0</VATWCDEDUCTIONRATE>
       <GSTTAXRATE>0</GSTTAXRATE>
       <ORIGINVGOODSQTY>0</ORIGINVGOODSQTY>
       <CAPVATTAXRATE>0</CAPVATTAXRATE>
       <AMOUNT>1845.00</AMOUNT>
       <CESSASSVALONCLASS/>
       <ADDNLVATCLASSAMT/>
       <EIDISCOUNTAMT/>
       <FBTEXEMPTAMOUNT/>
       <VATASSESSABLEVALUE/>
       <VATWCCOSTOFLAND/>
       <VATWCDEDLABOURCHARGES/>
       <VATWCOTHERDEDUCTIONAMT/>
       <VATWCVALUEOFTAXFREEGOODS/>
       <VATWCOTHERCHARGES/>
       <VATWCSUBCONTRACTORAMT/>
       <VATWCDEDUCTAMT/>
       <WCTOTALDEDUCTIONAMT/>
       <PREVAMOUNT/>
       <PREVINVTOTALAMT/>
       <VATWCDEDUCTIONAMOUNT/>
       <ORIGINVGOODSVALUE/>
       <CENVATCAPTINPUTAMT/>
       <GSTASSESSABLEVALUE/>
       <IGSTLIABILITY/>
       <CGSTLIABILITY/>
       <SGSTLIABILITY/>
       <GSTCESSLIABILITY/>
       <GSTOVRDNASSESSABLEVALUE/>
       <GSTASSBLVALUE/>
       <STRDCOMPUTEDASSESSABLEVALUE/>
       <STRDCOMPUTEDIGST/>
       <STRDCOMPUTEDCGST/>
       <STRDCOMPUTEDSGST/>
       <STRDCOMPUTEDCESS/>
       <STRDCOMPUTEDCESSONQTY/>
       <ORIGINVGOODSTAXVALUE/>
       <VATWCESTABLISHMENTCOST/>
       <VATWCCONTRACTORPROFIT/>
       <VATWCPLANNINGDESIGNFEES/>
       <VATWCMACHINERYTOOLSCHARGES/>
       <VATWCCONSUMABLESCOST/>
       <VATEXPAMOUNT/>
       <VATASSBLVALUE/>
       <VATACCEPTEDTAXAMT/>
       <VATACCEPTEDADDLTAXAMT/>
       <CASHRECEIVED/>
       <CAPVATASSEABLEVALUE/>
       <CAPVATTAXVALUE/>
       <ORIGPURCHVALUE/>
       <SUPPLYMARGVAL/>
       <STRDAPPRSTATECESSGST/>
       <STRDAPPROPRIATEDDISCOUNT/>
       <STRDEXCISETAX/>
       <SERVICETAXDETAILS.LIST>       </SERVICETAXDETAILS.LIST>
       <BANKALLOCATIONS.LIST>       </BANKALLOCATIONS.LIST>
       <BILLALLOCATIONS.LIST>       </BILLALLOCATIONS.LIST>
       <INTERESTCOLLECTION.LIST>       </INTERESTCOLLECTION.LIST>
       <OLDAUDITENTRIES.LIST>       </OLDAUDITENTRIES.LIST>
       <ACCOUNTAUDITENTRIES.LIST>       </ACCOUNTAUDITENTRIES.LIST>
       <AUDITENTRIES.LIST>       </AUDITENTRIES.LIST>
       <INPUTCRALLOCS.LIST>       </INPUTCRALLOCS.LIST>
       <DUTYHEADDETAILS.LIST>       </DUTYHEADDETAILS.LIST>
       <EXCISEDUTYHEADDETAILS.LIST>       </EXCISEDUTYHEADDETAILS.LIST>
       <RATEDETAILS.LIST>       </RATEDETAILS.LIST>
       <SUMMARYALLOCS.LIST>       </SUMMARYALLOCS.LIST>
       <CENVATDUTYALLOCATIONS.LIST>       </CENVATDUTYALLOCATIONS.LIST>
       <STPYMTDETAILS.LIST>       </STPYMTDETAILS.LIST>
       <EXCISEPAYMENTALLOCATIONS.LIST>       </EXCISEPAYMENTALLOCATIONS.LIST>
       <TAXBILLALLOCATIONS.LIST>       </TAXBILLALLOCATIONS.LIST>
       <TAXOBJECTALLOCATIONS.LIST>       </TAXOBJECTALLOCATIONS.LIST>
       <TDSEXPENSEALLOCATIONS.LIST>       </TDSEXPENSEALLOCATIONS.LIST>
       <VATSTATUTORYDETAILS.LIST>       </VATSTATUTORYDETAILS.LIST>
       <COSTTRACKALLOCATIONS.LIST>       </COSTTRACKALLOCATIONS.LIST>
       <REFVOUCHERDETAILS.LIST>       </REFVOUCHERDETAILS.LIST>
       <INVOICEWISEDETAILS.LIST>       </INVOICEWISEDETAILS.LIST>
       <VATITCDETAILS.LIST>       </VATITCDETAILS.LIST>
       <ADVANCETAXDETAILS.LIST>       </ADVANCETAXDETAILS.LIST>
       <TAXTYPEALLOCATIONS.LIST>       </TAXTYPEALLOCATIONS.LIST>
      </ACCOUNTINGALLOCATIONS.LIST>
      <DUTYHEADDETAILS.LIST>      </DUTYHEADDETAILS.LIST>
      <RATEDETAILS.LIST>
       <GSTRATEDUTYHEAD>CGST</GSTRATEDUTYHEAD>
       <GSTRATEVALUATIONTYPE>Based on Value</GSTRATEVALUATIONTYPE>
       <GSTRATE> 9</GSTRATE>
       <GSTRATEPERUNIT>0</GSTRATEPERUNIT>
      </RATEDETAILS.LIST>
      <RATEDETAILS.LIST>
       <GSTRATEDUTYHEAD>SGST/UTGST</GSTRATEDUTYHEAD>
       <GSTRATEVALUATIONTYPE>Based on Value</GSTRATEVALUATIONTYPE>
       <GSTRATE> 9</GSTRATE>
       <GSTRATEPERUNIT>0</GSTRATEPERUNIT>
      </RATEDETAILS.LIST>
      <RATEDETAILS.LIST>
       <GSTRATEDUTYHEAD>IGST</GSTRATEDUTYHEAD>
       <GSTRATEVALUATIONTYPE>Based on Value</GSTRATEVALUATIONTYPE>
       <GSTRATE> 18</GSTRATE>
       <GSTRATEPERUNIT>0</GSTRATEPERUNIT>
      </RATEDETAILS.LIST>
      <RATEDETAILS.LIST>
       <GSTRATEDUTYHEAD>Cess</GSTRATEDUTYHEAD>
       <GSTRATEVALUATIONTYPE>&#4; Not Applicable</GSTRATEVALUATIONTYPE>
       <GSTRATE>0</GSTRATE>
       <GSTRATEPERUNIT>0</GSTRATEPERUNIT>
      </RATEDETAILS.LIST>
      <RATEDETAILS.LIST>
       <GSTRATEDUTYHEAD>State Cess</GSTRATEDUTYHEAD>
       <GSTRATEVALUATIONTYPE>Based on Value</GSTRATEVALUATIONTYPE>
       <GSTRATE>0</GSTRATE>
       <GSTRATEPERUNIT>0</GSTRATEPERUNIT>
      </RATEDETAILS.LIST>
      <SUPPLEMENTARYDUTYHEADDETAILS.LIST>      </SUPPLEMENTARYDUTYHEADDETAILS.LIST>
      <TAXOBJECTALLOCATIONS.LIST>      </TAXOBJECTALLOCATIONS.LIST>
      <REFVOUCHERDETAILS.LIST>      </REFVOUCHERDETAILS.LIST>
      <EXCISEALLOCATIONS.LIST>      </EXCISEALLOCATIONS.LIST>
      <EXPENSEALLOCATIONS.LIST>      </EXPENSEALLOCATIONS.LIST>
     </ALLINVENTORYENTRIES.LIST>
     <ALLINVENTORYENTRIES.LIST>
      <ORIGINVOICEDATE/>
      <ORIGSALESINVDATE/>
      <DESCRIPTION/>
      <STOCKITEMNAME>Screw  SS 150 x 10</STOCKITEMNAME>
      <STATNATURENAME/>
      <EXCISECLASSIFICATIONNAME/>
      <ISZRBASICSERVICE/>
      <STRDGSTDERIVEDLOCATIONTYPE/>
      <STRDGSTDERIVEDTAXABILITY/>
      <STRDGSTDERIVEDNATURETYPE/>
      <STRDGSTDERIVEDSUPPLYTYPE/>
      <GSTOVRDNCLASSIFICATION/>
      <GSTOVRDNNATURE/>
      <GSTOVRDNINELIGIBLEITC/>
      <GSTOVRDNISREVCHARGEAPPL>&#4; Not Applicable</GSTOVRDNISREVCHARGEAPPL>
      <GSTOVRDNTAXABILITY>Taxable</GSTOVRDNTAXABILITY>
      <GSTSOURCETYPE>Stock Item</GSTSOURCETYPE>
      <GSTITEMSOURCE>Screw  SS 150 x 10</GSTITEMSOURCE>
      <GSTLEDGERSOURCE/>
      <GSTGROUPSOURCE/>
      <GSTSTOCKGROUPSOURCE/>
      <HSNSOURCETYPE>Stock Item</HSNSOURCETYPE>
      <HSNITEMSOURCE>Screw  SS 150 x 10</HSNITEMSOURCE>
      <HSNLEDGERSOURCE/>
      <HSNGROUPSOURCE/>
      <HSNSTOCKGROUPSOURCE/>
      <GSTOVRDNSTOREDNATURE>&#4; System Inferred</GSTOVRDNSTOREDNATURE>
      <GSTOVRDNTYPEOFSUPPLY>Goods</GSTOVRDNTYPEOFSUPPLY>
      <GSTRATEINFERAPPLICABILITY>As per Masters/Company</GSTRATEINFERAPPLICABILITY>
      <GSTOVRDNNATUREOFGOODS/>
      <GSTHSNNAME>73181400</GSTHSNNAME>
      <GSTHSNDESCRIPTION/>
      <GSTHSNINFERAPPLICABILITY>As per Masters/Company</GSTHSNINFERAPPLICABILITY>
      <HSNOVRDNCLASSIFICATION/>
      <STRDGSTFINALNATUREOFENTRY/>
      <GSTDEPGSTCLASSIFICATION/>
      <GSTDEPHSNCLASSIFICATION/>
      <EXCISETARIFF/>
      <EXCISEEXEMPTION/>
      <TRADERCNSALESNUMBER/>
      <BASICPACKAGEMARKS/>
      <BASICNUMPACKAGES/>
      <SDTAXCLASSIFICATIONNAME/>
      <NATUREOFCOMPONENT/>
      <COMPONENTLISTTYPE/>
      <DISPLAYNATUREOFCOMPONENT/>
      <BOMNAME/>
      <ORIGINVOICENUMBER/>
      <ORIGINVOICEBOOKNAME/>
      <ORIGSALESINVNO/>
      <EXCISERETURNINVOICENO/>
      <REASONOFREJECTION/>
      <EXCISECREDITPARTY/>
      <EXCISECREDITSTKITEM/>
      <EXCISECREDITCATEGORY/>
      <TRADERSUPPLIERINVOICENO/>
      <EXCISESALESINVOICENO/>
      <GSTITEMUQC/>
      <GSTITEMUQCUOM/>
      <ADDLAMOUNT/>
      <ISDEEMEDPOSITIVE>No</ISDEEMEDPOSITIVE>
      <ISGSTASSESSABLEVALUEOVERRIDDEN/>
      <STRDISGSTAPPLICABLE/>
      <CONTENTNEGISPOS/>
      <ISLASTDEEMEDPOSITIVE>No</ISLASTDEEMEDPOSITIVE>
      <ISAUTONEGATE>No</ISAUTONEGATE>
      <ISCUSTOMSCLEARANCE/>
      <ISTRACKCOMPONENT/>
      <ISTRACKPRODUCTION/>
      <ISPRIMARYITEM/>
      <ISSCRAP>No</ISSCRAP>
      <RATE>452.00/pkts</RATE>
      <DISCOUNT>0</DISCOUNT>
      <VATTAXRATE>0</VATTAXRATE>
      <ORIGINVGOODSQTY>0</ORIGINVGOODSQTY>
      <EXCISEMRPABATEMENT>0</EXCISEMRPABATEMENT>
      <ADDLCOSTPERC>0</ADDLCOSTPERC>
      <REVISEDRATEOFDUTY>0</REVISEDRATEOFDUTY>
      <ORIGRATEOFDUTY>0</ORIGRATEOFDUTY>
      <ORIGMRPABATEMENT>0</ORIGMRPABATEMENT>
      <EXCISERETURNDUTYRATE>0</EXCISERETURNDUTYRATE>
      <GVATEXCISERATE>0</GVATEXCISERATE>
      <AMOUNT>904.00</AMOUNT>
      <EXCISEASSESSABLEVALUE/>
      <CESSASSVALONCLASS/>
      <EIDISCOUNTAMT/>
      <VATASSESSABLEVALUE/>
      <VATWCDEDUCTAMT/>
      <WCTOTALDEDUCTIONAMT/>
      <ORIGINVGOODSVALUE/>
      <GSTOVRDNASSESSABLEVALUE/>
      <GSTASSBLVALUE/>
      <STRDCOMPUTEDASSESSABLEVALUE/>
      <STRDCOMPUTEDIGST/>
      <STRDCOMPUTEDCGST/>
      <STRDCOMPUTEDSGST/>
      <STRDCOMPUTEDCESS/>
      <STRDCOMPUTEDCESSONQTY/>
      <ORIGINVGOODSTAXVALUE/>
      <VATASSBLVALUE/>
      <VATACCEPTEDTAXAMT/>
      <VATACCEPTEDADDLTAXAMT/>
      <STRDAPPRSTATECESSGST/>
      <STRDAPPROPRIATEDDISCOUNT/>
      <STRDEXCISETAX/>
      <VATINPUTTAXCREDIT/>
      <VATELIGIBLECREDIT/>
      <GVATEXCISEAMT/>
      <ACTUALQTY> 2.00 pkts</ACTUALQTY>
      <BILLEDQTY> 2.00 pkts</BILLEDQTY>
      <ORIGACTUALQTY/>
      <ORIGBILLEDQTY/>
      <EXCISERETURNINVOICEQTY/>
      <USABLEQTY/>
      <EXCISECREDITPENDINGQTY/>
      <MRPRATE/>
      <EXCISEMRPRATE/>
      <ORIGRATE/>
      <REVISEDRATE/>
      <ESCALATIONRATE/>
      <ORIGMRPRATE/>
      <ORIGRATEOFQTY/>
      <REVISEDRATEOFQTY/>
      <INCLVATRATE/>
      <BATCHALLOCATIONS.LIST>
       <MFDON/>
       <ORDERYEAREND/>
       <TRACKINGYEAREND/>
       <ORDERPRECLOSUREDATE/>
       <NARRATION/>
       <GODOWNNAME>Main Location</GODOWNNAME>
       <BATCHNAME>Primary Batch</BATCHNAME>
       <DESTINATIONGODOWNNAME/>
       <INDENTNO>&#4; Not Applicable</INDENTNO>
       <ORDERTYPE/>
       <PARENTITEM/>
       <ORDERCLOSUREREASON/>
       <ORDERNO>&#4; Not Applicable</ORDERNO>
       <TRACKINGNUMBER>13010</TRACKINGNUMBER>
       <DYNAMICCSTNO/>
       <DYNAMICCSTPARENTITEM/>
       <SUMDYNAMICCSTNO/>
       <SUMBATCHNAME/>
       <SUMTRACKINGNUMBER/>
       <SUMORDERNO/>
       <SUMINDENTNO/>
       <ADDLAMOUNT/>
       <DYNAMICCSTISCLEARED>No</DYNAMICCSTISCLEARED>
       <TRACKID TYPE="Number"> 47376</TRACKID>
       <BATCHID TYPE="Number"> 34147</BATCHID>
       <BATCHDISCOUNT TYPE="Number">0</BATCHDISCOUNT>
       <AMOUNT>904.00</AMOUNT>
       <ADDLEXPENSEAMOUNT/>
       <BATCHDIFFVAL/>
       <ACTUALQTY> 2.00 pkts</ACTUALQTY>
       <BILLEDQTY> 2.00 pkts</BILLEDQTY>
       <ORDERPRECLOSUREQTY/>
       <ORIGACTUALQTY/>
       <ORIGBILLEDQTY/>
       <BATCHPHYSDIFF/>
       <ORIGRATE/>
       <REVISEDRATE/>
       <ESCALATIONRATE/>
       <INCLVATRATE/>
       <BATCHRATE TYPE="Rate">452.00/pkts</BATCHRATE>
       <EXPIRYPERIOD/>
       <INDENTDUEDATE/>
       <ORDERDUEDATE/>
       <ADDITIONALDETAILS.LIST>       </ADDITIONALDETAILS.LIST>
       <VOUCHERCOMPONENTLIST.LIST>       </VOUCHERCOMPONENTLIST.LIST>
      </BATCHALLOCATIONS.LIST>
      <ACCOUNTINGALLOCATIONS.LIST>
       <OLDAUDITENTRYIDS.LIST TYPE="Number">
        <OLDAUDITENTRYIDS>-1</OLDAUDITENTRYIDS>
       </OLDAUDITENTRYIDS.LIST>
       <ORIGPURCHINVDATE/>
       <NARRATION/>
       <ADDLALLOCTYPE/>
       <TAXCLASSIFICATIONNAME/>
       <APPROPRIATEFOR/>
       <GSTDUTYHEAD/>
       <GSTAPPROPRIATETO/>
       <NOTIFICATIONSLNO/>
       <EXCISEALLOCTYPE/>
       <SWIFTCODE/>
       <ROUNDTYPE/>
       <LEDGERNAME>Sales Local Taxable - GST 18%</LEDGERNAME>
       <TAXUNITNAME/>
       <STATNATURENAME/>
       <GOODSTYPE/>
       <VATTRADENAME/>
       <METHODTYPE/>
       <CLASSRATE/>
       <STATCLASSIFICATIONNAME/>
       <EXCISECLASSIFICATIONNAME/>
       <ISZRBASICSERVICE/>
       <VATCOMMODITYNAME/>
       <SCHEDULE/>
       <SCHEDULESERIALNUMBER/>
       <VATCOMMODITYCODE/>
       <VATSUBCOMMODITYCODE/>
       <VATMAJORCOMMODITYNAME/>
       <STRDGSTDERIVEDLOCATIONTYPE/>
       <STRDGSTDERIVEDTAXABILITY/>
       <STRDGSTDERIVEDNATURETYPE/>
       <STRDGSTDERIVEDSUPPLYTYPE/>
       <TDSPARTYNAME/>
       <VATPARTYORGNAME/>
       <XBRLADJTYPE/>
       <VOUCHERFBTCATEGORY/>
       <TYPEOFTAXPAYMENT/>
       <VATCALCULATIONTYPE/>
       <VATWORKSCONTRACTTYPE/>
       <VATWCDESCRIPTION/>
       <GSTCLASS>&#4; Not Applicable</GSTCLASS>
       <SCHVIADJTYPE/>
       <GSTOVRDNCLASSIFICATION/>
       <GSTOVRDNNATURE/>
       <GSTOVRDNINELIGIBLEITC/>
       <GSTOVRDNISREVCHARGEAPPL/>
       <GSTOVRDNTAXABILITY/>
       <GSTHSNSACCODE/>
       <GSTSOURCETYPE/>
       <GSTITEMSOURCE/>
       <GSTLEDGERSOURCE/>
       <GSTGROUPSOURCE/>
       <GSTSTOCKGROUPSOURCE/>
       <HSNSOURCETYPE/>
       <HSNITEMSOURCE/>
       <HSNLEDGERSOURCE/>
       <HSNGROUPSOURCE/>
       <HSNSTOCKGROUPSOURCE/>
       <GSTOVRDNSTOREDNATURE/>
       <GSTOVRDNTYPEOFSUPPLY/>
       <GSTRATEINFERAPPLICABILITY/>
       <GSTOVRDNNATUREOFGOODS/>
       <GSTHSNNAME/>
       <GSTHSNDESCRIPTION/>
       <GSTHSNINFERAPPLICABILITY/>
       <HSNOVRDNCLASSIFICATION/>
       <STRDGSTFINALNATUREOFENTRY/>
       <STRDGSTDUTYHEAD/>
       <VATGOODSNATURE/>
       <GSTDEPGSTCLASSIFICATION/>
       <GSTDEPHSNCLASSIFICATION/>
       <POSPAYMENTTYPE/>
       <GSTPARTYLEDGER/>
       <ORIGPURCHPARTY/>
       <ORIGPURCHPARTYADDRESS/>
       <ORIGPURCHINVNO/>
       <ORIGPURCHNOTE/>
       <ISDEEMEDPOSITIVE>No</ISDEEMEDPOSITIVE>
       <LEDGERFROMITEM>No</LEDGERFROMITEM>
       <REMOVEZEROENTRIES/>
       <ISPARTYLEDGER>No</ISPARTYLEDGER>
       <GSTOVERRIDDEN>No</GSTOVERRIDDEN>
       <ISGSTASSESSABLEVALUEOVERRIDDEN>No</ISGSTASSESSABLEVALUEOVERRIDDEN>
       <STRDISGSTAPPLICABLE>No</STRDISGSTAPPLICABLE>
       <STRDGSTISPARTYLEDGER>No</STRDGSTISPARTYLEDGER>
       <STRDGSTISDUTYLEDGER>No</STRDGSTISDUTYLEDGER>
       <CONTENTNEGISPOS/>
       <ISLASTDEEMEDPOSITIVE>No</ISLASTDEEMEDPOSITIVE>
       <ISCAPVATTAXALTERED/>
       <ISCAPVATNOTCLAIMED>No</ISCAPVATNOTCLAIMED>
       <STCRADJPERCENT>0</STCRADJPERCENT>
       <ROUNDLIMIT>0</ROUNDLIMIT>
       <RATEOFADDLVAT>0</RATEOFADDLVAT>
       <RATEOFCESSONVAT>0</RATEOFCESSONVAT>
       <VATTAXRATE>0</VATTAXRATE>
       <VATITEMQTY>0</VATITEMQTY>
       <VATWCDEDUCTRATE>0</VATWCDEDUCTRATE>
       <PREVINVTOTALNUM>0</PREVINVTOTALNUM>
       <VATWCDEDUCTIONRATE>0</VATWCDEDUCTIONRATE>
       <GSTTAXRATE>0</GSTTAXRATE>
       <ORIGINVGOODSQTY>0</ORIGINVGOODSQTY>
       <CAPVATTAXRATE>0</CAPVATTAXRATE>
       <AMOUNT>904.00</AMOUNT>
       <CESSASSVALONCLASS/>
       <ADDNLVATCLASSAMT/>
       <EIDISCOUNTAMT/>
       <FBTEXEMPTAMOUNT/>
       <VATASSESSABLEVALUE/>
       <VATWCCOSTOFLAND/>
       <VATWCDEDLABOURCHARGES/>
       <VATWCOTHERDEDUCTIONAMT/>
       <VATWCVALUEOFTAXFREEGOODS/>
       <VATWCOTHERCHARGES/>
       <VATWCSUBCONTRACTORAMT/>
       <VATWCDEDUCTAMT/>
       <WCTOTALDEDUCTIONAMT/>
       <PREVAMOUNT/>
       <PREVINVTOTALAMT/>
       <VATWCDEDUCTIONAMOUNT/>
       <ORIGINVGOODSVALUE/>
       <CENVATCAPTINPUTAMT/>
       <GSTASSESSABLEVALUE/>
       <IGSTLIABILITY/>
       <CGSTLIABILITY/>
       <SGSTLIABILITY/>
       <GSTCESSLIABILITY/>
       <GSTOVRDNASSESSABLEVALUE/>
       <GSTASSBLVALUE/>
       <STRDCOMPUTEDASSESSABLEVALUE/>
       <STRDCOMPUTEDIGST/>
       <STRDCOMPUTEDCGST/>
       <STRDCOMPUTEDSGST/>
       <STRDCOMPUTEDCESS/>
       <STRDCOMPUTEDCESSONQTY/>
       <ORIGINVGOODSTAXVALUE/>
       <VATWCESTABLISHMENTCOST/>
       <VATWCCONTRACTORPROFIT/>
       <VATWCPLANNINGDESIGNFEES/>
       <VATWCMACHINERYTOOLSCHARGES/>
       <VATWCCONSUMABLESCOST/>
       <VATEXPAMOUNT/>
       <VATASSBLVALUE/>
       <VATACCEPTEDTAXAMT/>
       <VATACCEPTEDADDLTAXAMT/>
       <CASHRECEIVED/>
       <CAPVATASSEABLEVALUE/>
       <CAPVATTAXVALUE/>
       <ORIGPURCHVALUE/>
       <SUPPLYMARGVAL/>
       <STRDAPPRSTATECESSGST/>
       <STRDAPPROPRIATEDDISCOUNT/>
       <STRDEXCISETAX/>
       <SERVICETAXDETAILS.LIST>       </SERVICETAXDETAILS.LIST>
       <BANKALLOCATIONS.LIST>       </BANKALLOCATIONS.LIST>
       <BILLALLOCATIONS.LIST>       </BILLALLOCATIONS.LIST>
       <INTERESTCOLLECTION.LIST>       </INTERESTCOLLECTION.LIST>
       <OLDAUDITENTRIES.LIST>       </OLDAUDITENTRIES.LIST>
       <ACCOUNTAUDITENTRIES.LIST>       </ACCOUNTAUDITENTRIES.LIST>
       <AUDITENTRIES.LIST>       </AUDITENTRIES.LIST>
       <INPUTCRALLOCS.LIST>       </INPUTCRALLOCS.LIST>
       <DUTYHEADDETAILS.LIST>       </DUTYHEADDETAILS.LIST>
       <EXCISEDUTYHEADDETAILS.LIST>       </EXCISEDUTYHEADDETAILS.LIST>
       <RATEDETAILS.LIST>       </RATEDETAILS.LIST>
       <SUMMARYALLOCS.LIST>       </SUMMARYALLOCS.LIST>
       <CENVATDUTYALLOCATIONS.LIST>       </CENVATDUTYALLOCATIONS.LIST>
       <STPYMTDETAILS.LIST>       </STPYMTDETAILS.LIST>
       <EXCISEPAYMENTALLOCATIONS.LIST>       </EXCISEPAYMENTALLOCATIONS.LIST>
       <TAXBILLALLOCATIONS.LIST>       </TAXBILLALLOCATIONS.LIST>
       <TAXOBJECTALLOCATIONS.LIST>       </TAXOBJECTALLOCATIONS.LIST>
       <TDSEXPENSEALLOCATIONS.LIST>       </TDSEXPENSEALLOCATIONS.LIST>
       <VATSTATUTORYDETAILS.LIST>       </VATSTATUTORYDETAILS.LIST>
       <COSTTRACKALLOCATIONS.LIST>       </COSTTRACKALLOCATIONS.LIST>
       <REFVOUCHERDETAILS.LIST>       </REFVOUCHERDETAILS.LIST>
       <INVOICEWISEDETAILS.LIST>       </INVOICEWISEDETAILS.LIST>
       <VATITCDETAILS.LIST>       </VATITCDETAILS.LIST>
       <ADVANCETAXDETAILS.LIST>       </ADVANCETAXDETAILS.LIST>
       <TAXTYPEALLOCATIONS.LIST>       </TAXTYPEALLOCATIONS.LIST>
      </ACCOUNTINGALLOCATIONS.LIST>
      <DUTYHEADDETAILS.LIST>      </DUTYHEADDETAILS.LIST>
      <RATEDETAILS.LIST>
       <GSTRATEDUTYHEAD>CGST</GSTRATEDUTYHEAD>
       <GSTRATEVALUATIONTYPE>Based on Value</GSTRATEVALUATIONTYPE>
       <GSTRATE> 9</GSTRATE>
       <GSTRATEPERUNIT>0</GSTRATEPERUNIT>
      </RATEDETAILS.LIST>
      <RATEDETAILS.LIST>
       <GSTRATEDUTYHEAD>SGST/UTGST</GSTRATEDUTYHEAD>
       <GSTRATEVALUATIONTYPE>Based on Value</GSTRATEVALUATIONTYPE>
       <GSTRATE> 9</GSTRATE>
       <GSTRATEPERUNIT>0</GSTRATEPERUNIT>
      </RATEDETAILS.LIST>
      <RATEDETAILS.LIST>
       <GSTRATEDUTYHEAD>IGST</GSTRATEDUTYHEAD>
       <GSTRATEVALUATIONTYPE>Based on Value</GSTRATEVALUATIONTYPE>
       <GSTRATE> 18</GSTRATE>
       <GSTRATEPERUNIT>0</GSTRATEPERUNIT>
      </RATEDETAILS.LIST>
      <RATEDETAILS.LIST>
       <GSTRATEDUTYHEAD>Cess</GSTRATEDUTYHEAD>
       <GSTRATEVALUATIONTYPE>&#4; Not Applicable</GSTRATEVALUATIONTYPE>
       <GSTRATE>0</GSTRATE>
       <GSTRATEPERUNIT>0</GSTRATEPERUNIT>
      </RATEDETAILS.LIST>
      <RATEDETAILS.LIST>
       <GSTRATEDUTYHEAD>State Cess</GSTRATEDUTYHEAD>
       <GSTRATEVALUATIONTYPE>Based on Value</GSTRATEVALUATIONTYPE>
       <GSTRATE>0</GSTRATE>
       <GSTRATEPERUNIT>0</GSTRATEPERUNIT>
      </RATEDETAILS.LIST>
      <SUPPLEMENTARYDUTYHEADDETAILS.LIST>      </SUPPLEMENTARYDUTYHEADDETAILS.LIST>
      <TAXOBJECTALLOCATIONS.LIST>      </TAXOBJECTALLOCATIONS.LIST>
      <REFVOUCHERDETAILS.LIST>      </REFVOUCHERDETAILS.LIST>
      <EXCISEALLOCATIONS.LIST>      </EXCISEALLOCATIONS.LIST>
      <EXPENSEALLOCATIONS.LIST>      </EXPENSEALLOCATIONS.LIST>
     </ALLINVENTORYENTRIES.LIST>
     <ALLINVENTORYENTRIES.LIST>
      <ORIGINVOICEDATE/>
      <ORIGSALESINVDATE/>
      <DESCRIPTION/>
      <STOCKITEMNAME>Screw SS  38 X 8</STOCKITEMNAME>
      <STATNATURENAME/>
      <EXCISECLASSIFICATIONNAME/>
      <ISZRBASICSERVICE/>
      <STRDGSTDERIVEDLOCATIONTYPE/>
      <STRDGSTDERIVEDTAXABILITY/>
      <STRDGSTDERIVEDNATURETYPE/>
      <STRDGSTDERIVEDSUPPLYTYPE/>
      <GSTOVRDNCLASSIFICATION/>
      <GSTOVRDNNATURE/>
      <GSTOVRDNINELIGIBLEITC/>
      <GSTOVRDNISREVCHARGEAPPL>&#4; Not Applicable</GSTOVRDNISREVCHARGEAPPL>
      <GSTOVRDNTAXABILITY>Taxable</GSTOVRDNTAXABILITY>
      <GSTSOURCETYPE>Stock Item</GSTSOURCETYPE>
      <GSTITEMSOURCE>Screw SS  38 X 8</GSTITEMSOURCE>
      <GSTLEDGERSOURCE/>
      <GSTGROUPSOURCE/>
      <GSTSTOCKGROUPSOURCE/>
      <HSNSOURCETYPE>Stock Item</HSNSOURCETYPE>
      <HSNITEMSOURCE>Screw SS  38 X 8</HSNITEMSOURCE>
      <HSNLEDGERSOURCE/>
      <HSNGROUPSOURCE/>
      <HSNSTOCKGROUPSOURCE/>
      <GSTOVRDNSTOREDNATURE>&#4; System Inferred</GSTOVRDNSTOREDNATURE>
      <GSTOVRDNTYPEOFSUPPLY>Goods</GSTOVRDNTYPEOFSUPPLY>
      <GSTRATEINFERAPPLICABILITY>As per Masters/Company</GSTRATEINFERAPPLICABILITY>
      <GSTOVRDNNATUREOFGOODS/>
      <GSTHSNNAME>73181400</GSTHSNNAME>
      <GSTHSNDESCRIPTION/>
      <GSTHSNINFERAPPLICABILITY>As per Masters/Company</GSTHSNINFERAPPLICABILITY>
      <HSNOVRDNCLASSIFICATION/>
      <STRDGSTFINALNATUREOFENTRY/>
      <GSTDEPGSTCLASSIFICATION/>
      <GSTDEPHSNCLASSIFICATION/>
      <EXCISETARIFF/>
      <EXCISEEXEMPTION/>
      <TRADERCNSALESNUMBER/>
      <BASICPACKAGEMARKS/>
      <BASICNUMPACKAGES/>
      <SDTAXCLASSIFICATIONNAME/>
      <NATUREOFCOMPONENT/>
      <COMPONENTLISTTYPE/>
      <DISPLAYNATUREOFCOMPONENT/>
      <BOMNAME/>
      <ORIGINVOICENUMBER/>
      <ORIGINVOICEBOOKNAME/>
      <ORIGSALESINVNO/>
      <EXCISERETURNINVOICENO/>
      <REASONOFREJECTION/>
      <EXCISECREDITPARTY/>
      <EXCISECREDITSTKITEM/>
      <EXCISECREDITCATEGORY/>
      <TRADERSUPPLIERINVOICENO/>
      <EXCISESALESINVOICENO/>
      <GSTITEMUQC/>
      <GSTITEMUQCUOM/>
      <ADDLAMOUNT/>
      <ISDEEMEDPOSITIVE>No</ISDEEMEDPOSITIVE>
      <ISGSTASSESSABLEVALUEOVERRIDDEN/>
      <STRDISGSTAPPLICABLE/>
      <CONTENTNEGISPOS/>
      <ISLASTDEEMEDPOSITIVE>No</ISLASTDEEMEDPOSITIVE>
      <ISAUTONEGATE>No</ISAUTONEGATE>
      <ISCUSTOMSCLEARANCE/>
      <ISTRACKCOMPONENT/>
      <ISTRACKPRODUCTION/>
      <ISPRIMARYITEM/>
      <ISSCRAP>No</ISSCRAP>
      <RATE>335.00/pkts</RATE>
      <DISCOUNT>0</DISCOUNT>
      <VATTAXRATE>0</VATTAXRATE>
      <ORIGINVGOODSQTY>0</ORIGINVGOODSQTY>
      <EXCISEMRPABATEMENT>0</EXCISEMRPABATEMENT>
      <ADDLCOSTPERC>0</ADDLCOSTPERC>
      <REVISEDRATEOFDUTY>0</REVISEDRATEOFDUTY>
      <ORIGRATEOFDUTY>0</ORIGRATEOFDUTY>
      <ORIGMRPABATEMENT>0</ORIGMRPABATEMENT>
      <EXCISERETURNDUTYRATE>0</EXCISERETURNDUTYRATE>
      <GVATEXCISERATE>0</GVATEXCISERATE>
      <AMOUNT>1005.00</AMOUNT>
      <EXCISEASSESSABLEVALUE/>
      <CESSASSVALONCLASS/>
      <EIDISCOUNTAMT/>
      <VATASSESSABLEVALUE/>
      <VATWCDEDUCTAMT/>
      <WCTOTALDEDUCTIONAMT/>
      <ORIGINVGOODSVALUE/>
      <GSTOVRDNASSESSABLEVALUE/>
      <GSTASSBLVALUE/>
      <STRDCOMPUTEDASSESSABLEVALUE/>
      <STRDCOMPUTEDIGST/>
      <STRDCOMPUTEDCGST/>
      <STRDCOMPUTEDSGST/>
      <STRDCOMPUTEDCESS/>
      <STRDCOMPUTEDCESSONQTY/>
      <ORIGINVGOODSTAXVALUE/>
      <VATASSBLVALUE/>
      <VATACCEPTEDTAXAMT/>
      <VATACCEPTEDADDLTAXAMT/>
      <STRDAPPRSTATECESSGST/>
      <STRDAPPROPRIATEDDISCOUNT/>
      <STRDEXCISETAX/>
      <VATINPUTTAXCREDIT/>
      <VATELIGIBLECREDIT/>
      <GVATEXCISEAMT/>
      <ACTUALQTY> 3.00 pkts</ACTUALQTY>
      <BILLEDQTY> 3.00 pkts</BILLEDQTY>
      <ORIGACTUALQTY/>
      <ORIGBILLEDQTY/>
      <EXCISERETURNINVOICEQTY/>
      <USABLEQTY/>
      <EXCISECREDITPENDINGQTY/>
      <MRPRATE/>
      <EXCISEMRPRATE/>
      <ORIGRATE/>
      <REVISEDRATE/>
      <ESCALATIONRATE/>
      <ORIGMRPRATE/>
      <ORIGRATEOFQTY/>
      <REVISEDRATEOFQTY/>
      <INCLVATRATE/>
      <BATCHALLOCATIONS.LIST>
       <MFDON/>
       <ORDERYEAREND/>
       <TRACKINGYEAREND/>
       <ORDERPRECLOSUREDATE/>
       <NARRATION/>
       <GODOWNNAME>Main Location</GODOWNNAME>
       <BATCHNAME>Primary Batch</BATCHNAME>
       <DESTINATIONGODOWNNAME/>
       <INDENTNO>&#4; Not Applicable</INDENTNO>
       <ORDERTYPE/>
       <PARENTITEM/>
       <ORDERCLOSUREREASON/>
       <ORDERNO>&#4; Not Applicable</ORDERNO>
       <TRACKINGNUMBER>13010</TRACKINGNUMBER>
       <DYNAMICCSTNO/>
       <DYNAMICCSTPARENTITEM/>
       <SUMDYNAMICCSTNO/>
       <SUMBATCHNAME/>
       <SUMTRACKINGNUMBER/>
       <SUMORDERNO/>
       <SUMINDENTNO/>
       <ADDLAMOUNT/>
       <DYNAMICCSTISCLEARED>No</DYNAMICCSTISCLEARED>
       <TRACKID TYPE="Number"> 47377</TRACKID>
       <BATCHID TYPE="Number"> 24698</BATCHID>
       <BATCHDISCOUNT TYPE="Number">0</BATCHDISCOUNT>
       <AMOUNT>1005.00</AMOUNT>
       <ADDLEXPENSEAMOUNT/>
       <BATCHDIFFVAL/>
       <ACTUALQTY> 3.00 pkts</ACTUALQTY>
       <BILLEDQTY> 3.00 pkts</BILLEDQTY>
       <ORDERPRECLOSUREQTY/>
       <ORIGACTUALQTY/>
       <ORIGBILLEDQTY/>
       <BATCHPHYSDIFF/>
       <ORIGRATE/>
       <REVISEDRATE/>
       <ESCALATIONRATE/>
       <INCLVATRATE/>
       <BATCHRATE TYPE="Rate">335.00/pkts</BATCHRATE>
       <EXPIRYPERIOD/>
       <INDENTDUEDATE/>
       <ORDERDUEDATE/>
       <ADDITIONALDETAILS.LIST>       </ADDITIONALDETAILS.LIST>
       <VOUCHERCOMPONENTLIST.LIST>       </VOUCHERCOMPONENTLIST.LIST>
      </BATCHALLOCATIONS.LIST>
      <ACCOUNTINGALLOCATIONS.LIST>
       <OLDAUDITENTRYIDS.LIST TYPE="Number">
        <OLDAUDITENTRYIDS>-1</OLDAUDITENTRYIDS>
       </OLDAUDITENTRYIDS.LIST>
       <ORIGPURCHINVDATE/>
       <NARRATION/>
       <ADDLALLOCTYPE/>
       <TAXCLASSIFICATIONNAME/>
       <APPROPRIATEFOR/>
       <GSTDUTYHEAD/>
       <GSTAPPROPRIATETO/>
       <NOTIFICATIONSLNO/>
       <EXCISEALLOCTYPE/>
       <SWIFTCODE/>
       <ROUNDTYPE/>
       <LEDGERNAME>Sales Local Taxable - GST 18%</LEDGERNAME>
       <TAXUNITNAME/>
       <STATNATURENAME/>
       <GOODSTYPE/>
       <VATTRADENAME/>
       <METHODTYPE/>
       <CLASSRATE/>
       <STATCLASSIFICATIONNAME/>
       <EXCISECLASSIFICATIONNAME/>
       <ISZRBASICSERVICE/>
       <VATCOMMODITYNAME/>
       <SCHEDULE/>
       <SCHEDULESERIALNUMBER/>
       <VATCOMMODITYCODE/>
       <VATSUBCOMMODITYCODE/>
       <VATMAJORCOMMODITYNAME/>
       <STRDGSTDERIVEDLOCATIONTYPE/>
       <STRDGSTDERIVEDTAXABILITY/>
       <STRDGSTDERIVEDNATURETYPE/>
       <STRDGSTDERIVEDSUPPLYTYPE/>
       <TDSPARTYNAME/>
       <VATPARTYORGNAME/>
       <XBRLADJTYPE/>
       <VOUCHERFBTCATEGORY/>
       <TYPEOFTAXPAYMENT/>
       <VATCALCULATIONTYPE/>
       <VATWORKSCONTRACTTYPE/>
       <VATWCDESCRIPTION/>
       <GSTCLASS>&#4; Not Applicable</GSTCLASS>
       <SCHVIADJTYPE/>
       <GSTOVRDNCLASSIFICATION/>
       <GSTOVRDNNATURE/>
       <GSTOVRDNINELIGIBLEITC/>
       <GSTOVRDNISREVCHARGEAPPL/>
       <GSTOVRDNTAXABILITY/>
       <GSTHSNSACCODE/>
       <GSTSOURCETYPE/>
       <GSTITEMSOURCE/>
       <GSTLEDGERSOURCE/>
       <GSTGROUPSOURCE/>
       <GSTSTOCKGROUPSOURCE/>
       <HSNSOURCETYPE/>
       <HSNITEMSOURCE/>
       <HSNLEDGERSOURCE/>
       <HSNGROUPSOURCE/>
       <HSNSTOCKGROUPSOURCE/>
       <GSTOVRDNSTOREDNATURE/>
       <GSTOVRDNTYPEOFSUPPLY/>
       <GSTRATEINFERAPPLICABILITY/>
       <GSTOVRDNNATUREOFGOODS/>
       <GSTHSNNAME/>
       <GSTHSNDESCRIPTION/>
       <GSTHSNINFERAPPLICABILITY/>
       <HSNOVRDNCLASSIFICATION/>
       <STRDGSTFINALNATUREOFENTRY/>
       <STRDGSTDUTYHEAD/>
       <VATGOODSNATURE/>
       <GSTDEPGSTCLASSIFICATION/>
       <GSTDEPHSNCLASSIFICATION/>
       <POSPAYMENTTYPE/>
       <GSTPARTYLEDGER/>
       <ORIGPURCHPARTY/>
       <ORIGPURCHPARTYADDRESS/>
       <ORIGPURCHINVNO/>
       <ORIGPURCHNOTE/>
       <ISDEEMEDPOSITIVE>No</ISDEEMEDPOSITIVE>
       <LEDGERFROMITEM>No</LEDGERFROMITEM>
       <REMOVEZEROENTRIES/>
       <ISPARTYLEDGER>No</ISPARTYLEDGER>
       <GSTOVERRIDDEN>No</GSTOVERRIDDEN>
       <ISGSTASSESSABLEVALUEOVERRIDDEN>No</ISGSTASSESSABLEVALUEOVERRIDDEN>
       <STRDISGSTAPPLICABLE>No</STRDISGSTAPPLICABLE>
       <STRDGSTISPARTYLEDGER>No</STRDGSTISPARTYLEDGER>
       <STRDGSTISDUTYLEDGER>No</STRDGSTISDUTYLEDGER>
       <CONTENTNEGISPOS/>
       <ISLASTDEEMEDPOSITIVE>No</ISLASTDEEMEDPOSITIVE>
       <ISCAPVATTAXALTERED/>
       <ISCAPVATNOTCLAIMED>No</ISCAPVATNOTCLAIMED>
       <STCRADJPERCENT>0</STCRADJPERCENT>
       <ROUNDLIMIT>0</ROUNDLIMIT>
       <RATEOFADDLVAT>0</RATEOFADDLVAT>
       <RATEOFCESSONVAT>0</RATEOFCESSONVAT>
       <VATTAXRATE>0</VATTAXRATE>
       <VATITEMQTY>0</VATITEMQTY>
       <VATWCDEDUCTRATE>0</VATWCDEDUCTRATE>
       <PREVINVTOTALNUM>0</PREVINVTOTALNUM>
       <VATWCDEDUCTIONRATE>0</VATWCDEDUCTIONRATE>
       <GSTTAXRATE>0</GSTTAXRATE>
       <ORIGINVGOODSQTY>0</ORIGINVGOODSQTY>
       <CAPVATTAXRATE>0</CAPVATTAXRATE>
       <AMOUNT>1005.00</AMOUNT>
       <CESSASSVALONCLASS/>
       <ADDNLVATCLASSAMT/>
       <EIDISCOUNTAMT/>
       <FBTEXEMPTAMOUNT/>
       <VATASSESSABLEVALUE/>
       <VATWCCOSTOFLAND/>
       <VATWCDEDLABOURCHARGES/>
       <VATWCOTHERDEDUCTIONAMT/>
       <VATWCVALUEOFTAXFREEGOODS/>
       <VATWCOTHERCHARGES/>
       <VATWCSUBCONTRACTORAMT/>
       <VATWCDEDUCTAMT/>
       <WCTOTALDEDUCTIONAMT/>
       <PREVAMOUNT/>
       <PREVINVTOTALAMT/>
       <VATWCDEDUCTIONAMOUNT/>
       <ORIGINVGOODSVALUE/>
       <CENVATCAPTINPUTAMT/>
       <GSTASSESSABLEVALUE/>
       <IGSTLIABILITY/>
       <CGSTLIABILITY/>
       <SGSTLIABILITY/>
       <GSTCESSLIABILITY/>
       <GSTOVRDNASSESSABLEVALUE/>
       <GSTASSBLVALUE/>
       <STRDCOMPUTEDASSESSABLEVALUE/>
       <STRDCOMPUTEDIGST/>
       <STRDCOMPUTEDCGST/>
       <STRDCOMPUTEDSGST/>
       <STRDCOMPUTEDCESS/>
       <STRDCOMPUTEDCESSONQTY/>
       <ORIGINVGOODSTAXVALUE/>
       <VATWCESTABLISHMENTCOST/>
       <VATWCCONTRACTORPROFIT/>
       <VATWCPLANNINGDESIGNFEES/>
       <VATWCMACHINERYTOOLSCHARGES/>
       <VATWCCONSUMABLESCOST/>
       <VATEXPAMOUNT/>
       <VATASSBLVALUE/>
       <VATACCEPTEDTAXAMT/>
       <VATACCEPTEDADDLTAXAMT/>
       <CASHRECEIVED/>
       <CAPVATASSEABLEVALUE/>
       <CAPVATTAXVALUE/>
       <ORIGPURCHVALUE/>
       <SUPPLYMARGVAL/>
       <STRDAPPRSTATECESSGST/>
       <STRDAPPROPRIATEDDISCOUNT/>
       <STRDEXCISETAX/>
       <SERVICETAXDETAILS.LIST>       </SERVICETAXDETAILS.LIST>
       <BANKALLOCATIONS.LIST>       </BANKALLOCATIONS.LIST>
       <BILLALLOCATIONS.LIST>       </BILLALLOCATIONS.LIST>
       <INTERESTCOLLECTION.LIST>       </INTERESTCOLLECTION.LIST>
       <OLDAUDITENTRIES.LIST>       </OLDAUDITENTRIES.LIST>
       <ACCOUNTAUDITENTRIES.LIST>       </ACCOUNTAUDITENTRIES.LIST>
       <AUDITENTRIES.LIST>       </AUDITENTRIES.LIST>
       <INPUTCRALLOCS.LIST>       </INPUTCRALLOCS.LIST>
       <DUTYHEADDETAILS.LIST>       </DUTYHEADDETAILS.LIST>
       <EXCISEDUTYHEADDETAILS.LIST>       </EXCISEDUTYHEADDETAILS.LIST>
       <RATEDETAILS.LIST>       </RATEDETAILS.LIST>
       <SUMMARYALLOCS.LIST>       </SUMMARYALLOCS.LIST>
       <CENVATDUTYALLOCATIONS.LIST>       </CENVATDUTYALLOCATIONS.LIST>
       <STPYMTDETAILS.LIST>       </STPYMTDETAILS.LIST>
       <EXCISEPAYMENTALLOCATIONS.LIST>       </EXCISEPAYMENTALLOCATIONS.LIST>
       <TAXBILLALLOCATIONS.LIST>       </TAXBILLALLOCATIONS.LIST>
       <TAXOBJECTALLOCATIONS.LIST>       </TAXOBJECTALLOCATIONS.LIST>
       <TDSEXPENSEALLOCATIONS.LIST>       </TDSEXPENSEALLOCATIONS.LIST>
       <VATSTATUTORYDETAILS.LIST>       </VATSTATUTORYDETAILS.LIST>
       <COSTTRACKALLOCATIONS.LIST>       </COSTTRACKALLOCATIONS.LIST>
       <REFVOUCHERDETAILS.LIST>       </REFVOUCHERDETAILS.LIST>
       <INVOICEWISEDETAILS.LIST>       </INVOICEWISEDETAILS.LIST>
       <VATITCDETAILS.LIST>       </VATITCDETAILS.LIST>
       <ADVANCETAXDETAILS.LIST>       </ADVANCETAXDETAILS.LIST>
       <TAXTYPEALLOCATIONS.LIST>       </TAXTYPEALLOCATIONS.LIST>
      </ACCOUNTINGALLOCATIONS.LIST>
      <DUTYHEADDETAILS.LIST>      </DUTYHEADDETAILS.LIST>
      <RATEDETAILS.LIST>
       <GSTRATEDUTYHEAD>CGST</GSTRATEDUTYHEAD>
       <GSTRATEVALUATIONTYPE>Based on Value</GSTRATEVALUATIONTYPE>
       <GSTRATE> 9</GSTRATE>
       <GSTRATEPERUNIT>0</GSTRATEPERUNIT>
      </RATEDETAILS.LIST>
      <RATEDETAILS.LIST>
       <GSTRATEDUTYHEAD>SGST/UTGST</GSTRATEDUTYHEAD>
       <GSTRATEVALUATIONTYPE>Based on Value</GSTRATEVALUATIONTYPE>
       <GSTRATE> 9</GSTRATE>
       <GSTRATEPERUNIT>0</GSTRATEPERUNIT>
      </RATEDETAILS.LIST>
      <RATEDETAILS.LIST>
       <GSTRATEDUTYHEAD>IGST</GSTRATEDUTYHEAD>
       <GSTRATEVALUATIONTYPE>Based on Value</GSTRATEVALUATIONTYPE>
       <GSTRATE> 18</GSTRATE>
       <GSTRATEPERUNIT>0</GSTRATEPERUNIT>
      </RATEDETAILS.LIST>
      <RATEDETAILS.LIST>
       <GSTRATEDUTYHEAD>Cess</GSTRATEDUTYHEAD>
       <GSTRATEVALUATIONTYPE>&#4; Not Applicable</GSTRATEVALUATIONTYPE>
       <GSTRATE>0</GSTRATE>
       <GSTRATEPERUNIT>0</GSTRATEPERUNIT>
      </RATEDETAILS.LIST>
      <RATEDETAILS.LIST>
       <GSTRATEDUTYHEAD>State Cess</GSTRATEDUTYHEAD>
       <GSTRATEVALUATIONTYPE>Based on Value</GSTRATEVALUATIONTYPE>
       <GSTRATE>0</GSTRATE>
       <GSTRATEPERUNIT>0</GSTRATEPERUNIT>
      </RATEDETAILS.LIST>
      <SUPPLEMENTARYDUTYHEADDETAILS.LIST>      </SUPPLEMENTARYDUTYHEADDETAILS.LIST>
      <TAXOBJECTALLOCATIONS.LIST>      </TAXOBJECTALLOCATIONS.LIST>
      <REFVOUCHERDETAILS.LIST>      </REFVOUCHERDETAILS.LIST>
      <EXCISEALLOCATIONS.LIST>      </EXCISEALLOCATIONS.LIST>
      <EXPENSEALLOCATIONS.LIST>      </EXPENSEALLOCATIONS.LIST>
     </ALLINVENTORYENTRIES.LIST>
     <LEDGERENTRIES.LIST>
      <OLDAUDITENTRYIDS.LIST TYPE="Number">
       <OLDAUDITENTRYIDS>-1</OLDAUDITENTRYIDS>
      </OLDAUDITENTRYIDS.LIST>
      <ORIGPURCHINVDATE/>
      <NARRATION/>
      <ADDLALLOCTYPE/>
      <TAXCLASSIFICATIONNAME/>
      <APPROPRIATEFOR/>
      <GSTDUTYHEAD/>
      <GSTAPPROPRIATETO/>
      <NOTIFICATIONSLNO/>
      <EXCISEALLOCTYPE/>
      <SWIFTCODE/>
      <ROUNDTYPE/>
      <LEDGERNAME>Arun Sane Associates</LEDGERNAME>
      <TAXUNITNAME/>
      <STATNATURENAME/>
      <GOODSTYPE/>
      <VATTRADENAME/>
      <METHODTYPE/>
      <CLASSRATE/>
      <STATCLASSIFICATIONNAME/>
      <EXCISECLASSIFICATIONNAME/>
      <ISZRBASICSERVICE/>
      <VATCOMMODITYNAME/>
      <SCHEDULE/>
      <SCHEDULESERIALNUMBER/>
      <VATCOMMODITYCODE/>
      <VATSUBCOMMODITYCODE/>
      <VATMAJORCOMMODITYNAME/>
      <STRDGSTDERIVEDLOCATIONTYPE/>
      <STRDGSTDERIVEDTAXABILITY/>
      <STRDGSTDERIVEDNATURETYPE/>
      <STRDGSTDERIVEDSUPPLYTYPE/>
      <TDSPARTYNAME/>
      <VATPARTYORGNAME/>
      <XBRLADJTYPE/>
      <VOUCHERFBTCATEGORY/>
      <TYPEOFTAXPAYMENT/>
      <VATCALCULATIONTYPE/>
      <VATWORKSCONTRACTTYPE/>
      <VATWCDESCRIPTION/>
      <GSTCLASS>&#4; Not Applicable</GSTCLASS>
      <SCHVIADJTYPE/>
      <GSTOVRDNCLASSIFICATION/>
      <GSTOVRDNNATURE/>
      <GSTOVRDNINELIGIBLEITC/>
      <GSTOVRDNISREVCHARGEAPPL/>
      <GSTOVRDNTAXABILITY/>
      <GSTHSNSACCODE/>
      <GSTSOURCETYPE/>
      <GSTITEMSOURCE/>
      <GSTLEDGERSOURCE/>
      <GSTGROUPSOURCE/>
      <GSTSTOCKGROUPSOURCE/>
      <HSNSOURCETYPE/>
      <HSNITEMSOURCE/>
      <HSNLEDGERSOURCE/>
      <HSNGROUPSOURCE/>
      <HSNSTOCKGROUPSOURCE/>
      <GSTOVRDNSTOREDNATURE/>
      <GSTOVRDNTYPEOFSUPPLY/>
      <GSTRATEINFERAPPLICABILITY/>
      <GSTOVRDNNATUREOFGOODS/>
      <GSTHSNNAME/>
      <GSTHSNDESCRIPTION/>
      <GSTHSNINFERAPPLICABILITY/>
      <HSNOVRDNCLASSIFICATION/>
      <STRDGSTFINALNATUREOFENTRY/>
      <STRDGSTDUTYHEAD/>
      <VATGOODSNATURE/>
      <GSTDEPGSTCLASSIFICATION/>
      <GSTDEPHSNCLASSIFICATION/>
      <POSPAYMENTTYPE/>
      <GSTPARTYLEDGER/>
      <ORIGPURCHPARTY/>
      <ORIGPURCHPARTYADDRESS/>
      <ORIGPURCHINVNO/>
      <ORIGPURCHNOTE/>
      <ISDEEMEDPOSITIVE>Yes</ISDEEMEDPOSITIVE>
      <LEDGERFROMITEM>No</LEDGERFROMITEM>
      <REMOVEZEROENTRIES/>
      <ISPARTYLEDGER>Yes</ISPARTYLEDGER>
      <GSTOVERRIDDEN>No</GSTOVERRIDDEN>
      <ISGSTASSESSABLEVALUEOVERRIDDEN>No</ISGSTASSESSABLEVALUEOVERRIDDEN>
      <STRDISGSTAPPLICABLE>No</STRDISGSTAPPLICABLE>
      <STRDGSTISPARTYLEDGER>No</STRDGSTISPARTYLEDGER>
      <STRDGSTISDUTYLEDGER>No</STRDGSTISDUTYLEDGER>
      <CONTENTNEGISPOS/>
      <ISLASTDEEMEDPOSITIVE>Yes</ISLASTDEEMEDPOSITIVE>
      <ISCAPVATTAXALTERED/>
      <ISCAPVATNOTCLAIMED>No</ISCAPVATNOTCLAIMED>
      <STCRADJPERCENT>0</STCRADJPERCENT>
      <ROUNDLIMIT>0</ROUNDLIMIT>
      <RATEOFADDLVAT>0</RATEOFADDLVAT>
      <RATEOFCESSONVAT>0</RATEOFCESSONVAT>
      <VATTAXRATE>0</VATTAXRATE>
      <VATITEMQTY>0</VATITEMQTY>
      <VATWCDEDUCTRATE>0</VATWCDEDUCTRATE>
      <PREVINVTOTALNUM>0</PREVINVTOTALNUM>
      <VATWCDEDUCTIONRATE>0</VATWCDEDUCTIONRATE>
      <GSTTAXRATE>0</GSTTAXRATE>
      <ORIGINVGOODSQTY>0</ORIGINVGOODSQTY>
      <CAPVATTAXRATE>0</CAPVATTAXRATE>
      <AMOUNT>-80804.00</AMOUNT>
      <CESSASSVALONCLASS/>
      <ADDNLVATCLASSAMT/>
      <EIDISCOUNTAMT/>
      <FBTEXEMPTAMOUNT/>
      <VATASSESSABLEVALUE/>
      <VATWCCOSTOFLAND/>
      <VATWCDEDLABOURCHARGES/>
      <VATWCOTHERDEDUCTIONAMT/>
      <VATWCVALUEOFTAXFREEGOODS/>
      <VATWCOTHERCHARGES/>
      <VATWCSUBCONTRACTORAMT/>
      <VATWCDEDUCTAMT/>
      <WCTOTALDEDUCTIONAMT/>
      <PREVAMOUNT/>
      <PREVINVTOTALAMT/>
      <VATWCDEDUCTIONAMOUNT/>
      <ORIGINVGOODSVALUE/>
      <CENVATCAPTINPUTAMT/>
      <GSTASSESSABLEVALUE/>
      <IGSTLIABILITY/>
      <CGSTLIABILITY/>
      <SGSTLIABILITY/>
      <GSTCESSLIABILITY/>
      <GSTOVRDNASSESSABLEVALUE/>
      <GSTASSBLVALUE/>
      <STRDCOMPUTEDASSESSABLEVALUE/>
      <STRDCOMPUTEDIGST/>
      <STRDCOMPUTEDCGST/>
      <STRDCOMPUTEDSGST/>
      <STRDCOMPUTEDCESS/>
      <STRDCOMPUTEDCESSONQTY/>
      <ORIGINVGOODSTAXVALUE/>
      <VATWCESTABLISHMENTCOST/>
      <VATWCCONTRACTORPROFIT/>
      <VATWCPLANNINGDESIGNFEES/>
      <VATWCMACHINERYTOOLSCHARGES/>
      <VATWCCONSUMABLESCOST/>
      <VATEXPAMOUNT/>
      <VATASSBLVALUE/>
      <VATACCEPTEDTAXAMT/>
      <VATACCEPTEDADDLTAXAMT/>
      <CASHRECEIVED/>
      <CAPVATASSEABLEVALUE/>
      <CAPVATTAXVALUE/>
      <ORIGPURCHVALUE/>
      <SUPPLYMARGVAL/>
      <STRDAPPRSTATECESSGST/>
      <STRDAPPROPRIATEDDISCOUNT/>
      <STRDEXCISETAX/>
      <SERVICETAXDETAILS.LIST>      </SERVICETAXDETAILS.LIST>
      <BANKALLOCATIONS.LIST>      </BANKALLOCATIONS.LIST>
      <BILLALLOCATIONS.LIST>
       <BILLDATE TYPE="Date">20260401</BILLDATE>
       <YEAREND/>
       <BILLCREATIONDATE TYPE="Date">20260401</BILLCREATIONDATE>
       <NAME>16700</NAME>
       <BILLCREDITPERIOD/>
       <TDSDEDUCTEESECTIONNUMBER/>
       <TDSLEDGERNC/>
       <SERVICETAXLEDGER/>
       <BILLTYPE>New Ref</BILLTYPE>
       <SUMNAME/>
       <TDSDEDUCTEEISSPECIALRATE>No</TDSDEDUCTEEISSPECIALRATE>
       <TDSDEDUCTEESPECIALRATE>0</TDSDEDUCTEESPECIALRATE>
       <BILLID TYPE="Number"> 47368</BILLID>
       <AMOUNT>-80804.00</AMOUNT>
       <INTERESTCOLLECTION.LIST>       </INTERESTCOLLECTION.LIST>
       <STBILLCATEGORIES.LIST>       </STBILLCATEGORIES.LIST>
      </BILLALLOCATIONS.LIST>
      <INTERESTCOLLECTION.LIST>      </INTERESTCOLLECTION.LIST>
      <OLDAUDITENTRIES.LIST>      </OLDAUDITENTRIES.LIST>
      <ACCOUNTAUDITENTRIES.LIST>      </ACCOUNTAUDITENTRIES.LIST>
      <AUDITENTRIES.LIST>      </AUDITENTRIES.LIST>
      <INPUTCRALLOCS.LIST>      </INPUTCRALLOCS.LIST>
      <DUTYHEADDETAILS.LIST>      </DUTYHEADDETAILS.LIST>
      <EXCISEDUTYHEADDETAILS.LIST>      </EXCISEDUTYHEADDETAILS.LIST>
      <RATEDETAILS.LIST>      </RATEDETAILS.LIST>
      <SUMMARYALLOCS.LIST>      </SUMMARYALLOCS.LIST>
      <CENVATDUTYALLOCATIONS.LIST>      </CENVATDUTYALLOCATIONS.LIST>
      <STPYMTDETAILS.LIST>      </STPYMTDETAILS.LIST>
      <EXCISEPAYMENTALLOCATIONS.LIST>      </EXCISEPAYMENTALLOCATIONS.LIST>
      <TAXBILLALLOCATIONS.LIST>      </TAXBILLALLOCATIONS.LIST>
      <TAXOBJECTALLOCATIONS.LIST>      </TAXOBJECTALLOCATIONS.LIST>
      <TDSEXPENSEALLOCATIONS.LIST>      </TDSEXPENSEALLOCATIONS.LIST>
      <VATSTATUTORYDETAILS.LIST>      </VATSTATUTORYDETAILS.LIST>
      <COSTTRACKALLOCATIONS.LIST>      </COSTTRACKALLOCATIONS.LIST>
      <REFVOUCHERDETAILS.LIST>      </REFVOUCHERDETAILS.LIST>
      <INVOICEWISEDETAILS.LIST>      </INVOICEWISEDETAILS.LIST>
      <VATITCDETAILS.LIST>      </VATITCDETAILS.LIST>
      <ADVANCETAXDETAILS.LIST>      </ADVANCETAXDETAILS.LIST>
      <TAXTYPEALLOCATIONS.LIST>      </TAXTYPEALLOCATIONS.LIST>
     </LEDGERENTRIES.LIST>
     <LEDGERENTRIES.LIST>
      <OLDAUDITENTRYIDS.LIST TYPE="Number">
       <OLDAUDITENTRYIDS>-1</OLDAUDITENTRYIDS>
      </OLDAUDITENTRYIDS.LIST>
      <ORIGPURCHINVDATE/>
      <NARRATION/>
      <ADDLALLOCTYPE/>
      <TAXCLASSIFICATIONNAME/>
      <APPROPRIATEFOR>GST</APPROPRIATEFOR>
      <GSTDUTYHEAD/>
      <GSTAPPROPRIATETO>Goods</GSTAPPROPRIATETO>
      <NOTIFICATIONSLNO/>
      <EXCISEALLOCTYPE>Based on Value</EXCISEALLOCTYPE>
      <SWIFTCODE/>
      <ROUNDTYPE/>
      <LEDGERNAME>TEMPO CHARGES</LEDGERNAME>
      <TAXUNITNAME/>
      <STATNATURENAME/>
      <GOODSTYPE/>
      <VATTRADENAME/>
      <METHODTYPE/>
      <CLASSRATE/>
      <STATCLASSIFICATIONNAME/>
      <EXCISECLASSIFICATIONNAME/>
      <ISZRBASICSERVICE/>
      <VATCOMMODITYNAME/>
      <SCHEDULE/>
      <SCHEDULESERIALNUMBER/>
      <VATCOMMODITYCODE/>
      <VATSUBCOMMODITYCODE/>
      <VATMAJORCOMMODITYNAME/>
      <STRDGSTDERIVEDLOCATIONTYPE/>
      <STRDGSTDERIVEDTAXABILITY/>
      <STRDGSTDERIVEDNATURETYPE/>
      <STRDGSTDERIVEDSUPPLYTYPE/>
      <TDSPARTYNAME/>
      <VATPARTYORGNAME/>
      <XBRLADJTYPE/>
      <VOUCHERFBTCATEGORY/>
      <TYPEOFTAXPAYMENT/>
      <VATCALCULATIONTYPE/>
      <VATWORKSCONTRACTTYPE/>
      <VATWCDESCRIPTION/>
      <GSTCLASS>&#4; Not Applicable</GSTCLASS>
      <SCHVIADJTYPE/>
      <GSTOVRDNCLASSIFICATION/>
      <GSTOVRDNNATURE/>
      <GSTOVRDNINELIGIBLEITC/>
      <GSTOVRDNISREVCHARGEAPPL/>
      <GSTOVRDNTAXABILITY/>
      <GSTHSNSACCODE/>
      <GSTSOURCETYPE/>
      <GSTITEMSOURCE/>
      <GSTLEDGERSOURCE/>
      <GSTGROUPSOURCE/>
      <GSTSTOCKGROUPSOURCE/>
      <HSNSOURCETYPE/>
      <HSNITEMSOURCE/>
      <HSNLEDGERSOURCE/>
      <HSNGROUPSOURCE/>
      <HSNSTOCKGROUPSOURCE/>
      <GSTOVRDNSTOREDNATURE/>
      <GSTOVRDNTYPEOFSUPPLY/>
      <GSTRATEINFERAPPLICABILITY/>
      <GSTOVRDNNATUREOFGOODS/>
      <GSTHSNNAME/>
      <GSTHSNDESCRIPTION/>
      <GSTHSNINFERAPPLICABILITY/>
      <HSNOVRDNCLASSIFICATION/>
      <STRDGSTFINALNATUREOFENTRY/>
      <STRDGSTDUTYHEAD/>
      <VATGOODSNATURE/>
      <GSTDEPGSTCLASSIFICATION/>
      <GSTDEPHSNCLASSIFICATION/>
      <POSPAYMENTTYPE/>
      <GSTPARTYLEDGER/>
      <ORIGPURCHPARTY/>
      <ORIGPURCHPARTYADDRESS/>
      <ORIGPURCHINVNO/>
      <ORIGPURCHNOTE/>
      <ISDEEMEDPOSITIVE>No</ISDEEMEDPOSITIVE>
      <LEDGERFROMITEM>No</LEDGERFROMITEM>
      <REMOVEZEROENTRIES/>
      <ISPARTYLEDGER>No</ISPARTYLEDGER>
      <GSTOVERRIDDEN>No</GSTOVERRIDDEN>
      <ISGSTASSESSABLEVALUEOVERRIDDEN>No</ISGSTASSESSABLEVALUEOVERRIDDEN>
      <STRDISGSTAPPLICABLE>No</STRDISGSTAPPLICABLE>
      <STRDGSTISPARTYLEDGER>No</STRDGSTISPARTYLEDGER>
      <STRDGSTISDUTYLEDGER>No</STRDGSTISDUTYLEDGER>
      <CONTENTNEGISPOS/>
      <ISLASTDEEMEDPOSITIVE>No</ISLASTDEEMEDPOSITIVE>
      <ISCAPVATTAXALTERED/>
      <ISCAPVATNOTCLAIMED>No</ISCAPVATNOTCLAIMED>
      <STCRADJPERCENT>0</STCRADJPERCENT>
      <ROUNDLIMIT>0</ROUNDLIMIT>
      <RATEOFADDLVAT>0</RATEOFADDLVAT>
      <RATEOFCESSONVAT>0</RATEOFCESSONVAT>
      <VATTAXRATE>0</VATTAXRATE>
      <VATITEMQTY>0</VATITEMQTY>
      <VATWCDEDUCTRATE>0</VATWCDEDUCTRATE>
      <PREVINVTOTALNUM>0</PREVINVTOTALNUM>
      <VATWCDEDUCTIONRATE>0</VATWCDEDUCTIONRATE>
      <GSTTAXRATE>0</GSTTAXRATE>
      <ORIGINVGOODSQTY>0</ORIGINVGOODSQTY>
      <CAPVATTAXRATE>0</CAPVATTAXRATE>
      <AMOUNT>1800.00</AMOUNT>
      <CESSASSVALONCLASS/>
      <ADDNLVATCLASSAMT/>
      <EIDISCOUNTAMT/>
      <FBTEXEMPTAMOUNT/>
      <VATASSESSABLEVALUE/>
      <VATWCCOSTOFLAND/>
      <VATWCDEDLABOURCHARGES/>
      <VATWCOTHERDEDUCTIONAMT/>
      <VATWCVALUEOFTAXFREEGOODS/>
      <VATWCOTHERCHARGES/>
      <VATWCSUBCONTRACTORAMT/>
      <VATWCDEDUCTAMT/>
      <WCTOTALDEDUCTIONAMT/>
      <PREVAMOUNT/>
      <PREVINVTOTALAMT/>
      <VATWCDEDUCTIONAMOUNT/>
      <ORIGINVGOODSVALUE/>
      <CENVATCAPTINPUTAMT/>
      <GSTASSESSABLEVALUE/>
      <IGSTLIABILITY/>
      <CGSTLIABILITY/>
      <SGSTLIABILITY/>
      <GSTCESSLIABILITY/>
      <GSTOVRDNASSESSABLEVALUE/>
      <GSTASSBLVALUE/>
      <STRDCOMPUTEDASSESSABLEVALUE/>
      <STRDCOMPUTEDIGST/>
      <STRDCOMPUTEDCGST/>
      <STRDCOMPUTEDSGST/>
      <STRDCOMPUTEDCESS/>
      <STRDCOMPUTEDCESSONQTY/>
      <ORIGINVGOODSTAXVALUE/>
      <VATWCESTABLISHMENTCOST/>
      <VATWCCONTRACTORPROFIT/>
      <VATWCPLANNINGDESIGNFEES/>
      <VATWCMACHINERYTOOLSCHARGES/>
      <VATWCCONSUMABLESCOST/>
      <VATEXPAMOUNT>1800.00</VATEXPAMOUNT>
      <VATASSBLVALUE/>
      <VATACCEPTEDTAXAMT/>
      <VATACCEPTEDADDLTAXAMT/>
      <CASHRECEIVED/>
      <CAPVATASSEABLEVALUE/>
      <CAPVATTAXVALUE/>
      <ORIGPURCHVALUE/>
      <SUPPLYMARGVAL/>
      <STRDAPPRSTATECESSGST/>
      <STRDAPPROPRIATEDDISCOUNT/>
      <STRDEXCISETAX/>
      <SERVICETAXDETAILS.LIST>      </SERVICETAXDETAILS.LIST>
      <BANKALLOCATIONS.LIST>      </BANKALLOCATIONS.LIST>
      <BILLALLOCATIONS.LIST>      </BILLALLOCATIONS.LIST>
      <INTERESTCOLLECTION.LIST>      </INTERESTCOLLECTION.LIST>
      <OLDAUDITENTRIES.LIST>      </OLDAUDITENTRIES.LIST>
      <ACCOUNTAUDITENTRIES.LIST>      </ACCOUNTAUDITENTRIES.LIST>
      <AUDITENTRIES.LIST>      </AUDITENTRIES.LIST>
      <INPUTCRALLOCS.LIST>      </INPUTCRALLOCS.LIST>
      <DUTYHEADDETAILS.LIST>      </DUTYHEADDETAILS.LIST>
      <EXCISEDUTYHEADDETAILS.LIST>      </EXCISEDUTYHEADDETAILS.LIST>
      <RATEDETAILS.LIST>      </RATEDETAILS.LIST>
      <SUMMARYALLOCS.LIST>      </SUMMARYALLOCS.LIST>
      <CENVATDUTYALLOCATIONS.LIST>      </CENVATDUTYALLOCATIONS.LIST>
      <STPYMTDETAILS.LIST>      </STPYMTDETAILS.LIST>
      <EXCISEPAYMENTALLOCATIONS.LIST>      </EXCISEPAYMENTALLOCATIONS.LIST>
      <TAXBILLALLOCATIONS.LIST>      </TAXBILLALLOCATIONS.LIST>
      <TAXOBJECTALLOCATIONS.LIST>      </TAXOBJECTALLOCATIONS.LIST>
      <TDSEXPENSEALLOCATIONS.LIST>      </TDSEXPENSEALLOCATIONS.LIST>
      <VATSTATUTORYDETAILS.LIST>      </VATSTATUTORYDETAILS.LIST>
      <COSTTRACKALLOCATIONS.LIST>      </COSTTRACKALLOCATIONS.LIST>
      <REFVOUCHERDETAILS.LIST>      </REFVOUCHERDETAILS.LIST>
      <INVOICEWISEDETAILS.LIST>      </INVOICEWISEDETAILS.LIST>
      <VATITCDETAILS.LIST>      </VATITCDETAILS.LIST>
      <ADVANCETAXDETAILS.LIST>      </ADVANCETAXDETAILS.LIST>
      <TAXTYPEALLOCATIONS.LIST>      </TAXTYPEALLOCATIONS.LIST>
     </LEDGERENTRIES.LIST>
     <LEDGERENTRIES.LIST>
      <OLDAUDITENTRYIDS.LIST TYPE="Number">
       <OLDAUDITENTRYIDS>-1</OLDAUDITENTRYIDS>
      </OLDAUDITENTRYIDS.LIST>
      <ORIGPURCHINVDATE/>
      <NARRATION/>
      <ADDLALLOCTYPE/>
      <TAXCLASSIFICATIONNAME/>
      <APPROPRIATEFOR>GST</APPROPRIATEFOR>
      <GSTDUTYHEAD/>
      <GSTAPPROPRIATETO>Goods</GSTAPPROPRIATETO>
      <NOTIFICATIONSLNO/>
      <EXCISEALLOCTYPE>Based on Value</EXCISEALLOCTYPE>
      <SWIFTCODE/>
      <ROUNDTYPE/>
      <LEDGERNAME>UNLOADING CHARGES  18%</LEDGERNAME>
      <TAXUNITNAME/>
      <STATNATURENAME/>
      <GOODSTYPE/>
      <VATTRADENAME/>
      <METHODTYPE/>
      <CLASSRATE/>
      <STATCLASSIFICATIONNAME/>
      <EXCISECLASSIFICATIONNAME/>
      <ISZRBASICSERVICE/>
      <VATCOMMODITYNAME/>
      <SCHEDULE/>
      <SCHEDULESERIALNUMBER/>
      <VATCOMMODITYCODE/>
      <VATSUBCOMMODITYCODE/>
      <VATMAJORCOMMODITYNAME/>
      <STRDGSTDERIVEDLOCATIONTYPE/>
      <STRDGSTDERIVEDTAXABILITY/>
      <STRDGSTDERIVEDNATURETYPE/>
      <STRDGSTDERIVEDSUPPLYTYPE/>
      <TDSPARTYNAME/>
      <VATPARTYORGNAME/>
      <XBRLADJTYPE/>
      <VOUCHERFBTCATEGORY/>
      <TYPEOFTAXPAYMENT/>
      <VATCALCULATIONTYPE/>
      <VATWORKSCONTRACTTYPE/>
      <VATWCDESCRIPTION/>
      <GSTCLASS>&#4; Not Applicable</GSTCLASS>
      <SCHVIADJTYPE/>
      <GSTOVRDNCLASSIFICATION/>
      <GSTOVRDNNATURE/>
      <GSTOVRDNINELIGIBLEITC/>
      <GSTOVRDNISREVCHARGEAPPL/>
      <GSTOVRDNTAXABILITY/>
      <GSTHSNSACCODE/>
      <GSTSOURCETYPE/>
      <GSTITEMSOURCE/>
      <GSTLEDGERSOURCE/>
      <GSTGROUPSOURCE/>
      <GSTSTOCKGROUPSOURCE/>
      <HSNSOURCETYPE/>
      <HSNITEMSOURCE/>
      <HSNLEDGERSOURCE/>
      <HSNGROUPSOURCE/>
      <HSNSTOCKGROUPSOURCE/>
      <GSTOVRDNSTOREDNATURE/>
      <GSTOVRDNTYPEOFSUPPLY/>
      <GSTRATEINFERAPPLICABILITY/>
      <GSTOVRDNNATUREOFGOODS/>
      <GSTHSNNAME/>
      <GSTHSNDESCRIPTION/>
      <GSTHSNINFERAPPLICABILITY/>
      <HSNOVRDNCLASSIFICATION/>
      <STRDGSTFINALNATUREOFENTRY/>
      <STRDGSTDUTYHEAD/>
      <VATGOODSNATURE/>
      <GSTDEPGSTCLASSIFICATION/>
      <GSTDEPHSNCLASSIFICATION/>
      <POSPAYMENTTYPE/>
      <GSTPARTYLEDGER/>
      <ORIGPURCHPARTY/>
      <ORIGPURCHPARTYADDRESS/>
      <ORIGPURCHINVNO/>
      <ORIGPURCHNOTE/>
      <ISDEEMEDPOSITIVE>No</ISDEEMEDPOSITIVE>
      <LEDGERFROMITEM>No</LEDGERFROMITEM>
      <REMOVEZEROENTRIES/>
      <ISPARTYLEDGER>No</ISPARTYLEDGER>
      <GSTOVERRIDDEN>No</GSTOVERRIDDEN>
      <ISGSTASSESSABLEVALUEOVERRIDDEN>No</ISGSTASSESSABLEVALUEOVERRIDDEN>
      <STRDISGSTAPPLICABLE>No</STRDISGSTAPPLICABLE>
      <STRDGSTISPARTYLEDGER>No</STRDGSTISPARTYLEDGER>
      <STRDGSTISDUTYLEDGER>No</STRDGSTISDUTYLEDGER>
      <CONTENTNEGISPOS/>
      <ISLASTDEEMEDPOSITIVE>No</ISLASTDEEMEDPOSITIVE>
      <ISCAPVATTAXALTERED/>
      <ISCAPVATNOTCLAIMED>No</ISCAPVATNOTCLAIMED>
      <STCRADJPERCENT>0</STCRADJPERCENT>
      <ROUNDLIMIT>0</ROUNDLIMIT>
      <RATEOFADDLVAT>0</RATEOFADDLVAT>
      <RATEOFCESSONVAT>0</RATEOFCESSONVAT>
      <VATTAXRATE>0</VATTAXRATE>
      <VATITEMQTY>0</VATITEMQTY>
      <VATWCDEDUCTRATE>0</VATWCDEDUCTRATE>
      <PREVINVTOTALNUM>0</PREVINVTOTALNUM>
      <VATWCDEDUCTIONRATE>0</VATWCDEDUCTIONRATE>
      <GSTTAXRATE>0</GSTTAXRATE>
      <ORIGINVGOODSQTY>0</ORIGINVGOODSQTY>
      <CAPVATTAXRATE>0</CAPVATTAXRATE>
      <AMOUNT>2200.00</AMOUNT>
      <CESSASSVALONCLASS/>
      <ADDNLVATCLASSAMT/>
      <EIDISCOUNTAMT/>
      <FBTEXEMPTAMOUNT/>
      <VATASSESSABLEVALUE/>
      <VATWCCOSTOFLAND/>
      <VATWCDEDLABOURCHARGES/>
      <VATWCOTHERDEDUCTIONAMT/>
      <VATWCVALUEOFTAXFREEGOODS/>
      <VATWCOTHERCHARGES/>
      <VATWCSUBCONTRACTORAMT/>
      <VATWCDEDUCTAMT/>
      <WCTOTALDEDUCTIONAMT/>
      <PREVAMOUNT/>
      <PREVINVTOTALAMT/>
      <VATWCDEDUCTIONAMOUNT/>
      <ORIGINVGOODSVALUE/>
      <CENVATCAPTINPUTAMT/>
      <GSTASSESSABLEVALUE/>
      <IGSTLIABILITY/>
      <CGSTLIABILITY/>
      <SGSTLIABILITY/>
      <GSTCESSLIABILITY/>
      <GSTOVRDNASSESSABLEVALUE/>
      <GSTASSBLVALUE/>
      <STRDCOMPUTEDASSESSABLEVALUE/>
      <STRDCOMPUTEDIGST/>
      <STRDCOMPUTEDCGST/>
      <STRDCOMPUTEDSGST/>
      <STRDCOMPUTEDCESS/>
      <STRDCOMPUTEDCESSONQTY/>
      <ORIGINVGOODSTAXVALUE/>
      <VATWCESTABLISHMENTCOST/>
      <VATWCCONTRACTORPROFIT/>
      <VATWCPLANNINGDESIGNFEES/>
      <VATWCMACHINERYTOOLSCHARGES/>
      <VATWCCONSUMABLESCOST/>
      <VATEXPAMOUNT>2200.00</VATEXPAMOUNT>
      <VATASSBLVALUE/>
      <VATACCEPTEDTAXAMT/>
      <VATACCEPTEDADDLTAXAMT/>
      <CASHRECEIVED/>
      <CAPVATASSEABLEVALUE/>
      <CAPVATTAXVALUE/>
      <ORIGPURCHVALUE/>
      <SUPPLYMARGVAL/>
      <STRDAPPRSTATECESSGST/>
      <STRDAPPROPRIATEDDISCOUNT/>
      <STRDEXCISETAX/>
      <SERVICETAXDETAILS.LIST>      </SERVICETAXDETAILS.LIST>
      <BANKALLOCATIONS.LIST>      </BANKALLOCATIONS.LIST>
      <BILLALLOCATIONS.LIST>      </BILLALLOCATIONS.LIST>
      <INTERESTCOLLECTION.LIST>      </INTERESTCOLLECTION.LIST>
      <OLDAUDITENTRIES.LIST>      </OLDAUDITENTRIES.LIST>
      <ACCOUNTAUDITENTRIES.LIST>      </ACCOUNTAUDITENTRIES.LIST>
      <AUDITENTRIES.LIST>      </AUDITENTRIES.LIST>
      <INPUTCRALLOCS.LIST>      </INPUTCRALLOCS.LIST>
      <DUTYHEADDETAILS.LIST>      </DUTYHEADDETAILS.LIST>
      <EXCISEDUTYHEADDETAILS.LIST>      </EXCISEDUTYHEADDETAILS.LIST>
      <RATEDETAILS.LIST>      </RATEDETAILS.LIST>
      <SUMMARYALLOCS.LIST>      </SUMMARYALLOCS.LIST>
      <CENVATDUTYALLOCATIONS.LIST>      </CENVATDUTYALLOCATIONS.LIST>
      <STPYMTDETAILS.LIST>      </STPYMTDETAILS.LIST>
      <EXCISEPAYMENTALLOCATIONS.LIST>      </EXCISEPAYMENTALLOCATIONS.LIST>
      <TAXBILLALLOCATIONS.LIST>      </TAXBILLALLOCATIONS.LIST>
      <TAXOBJECTALLOCATIONS.LIST>      </TAXOBJECTALLOCATIONS.LIST>
      <TDSEXPENSEALLOCATIONS.LIST>      </TDSEXPENSEALLOCATIONS.LIST>
      <VATSTATUTORYDETAILS.LIST>      </VATSTATUTORYDETAILS.LIST>
      <COSTTRACKALLOCATIONS.LIST>      </COSTTRACKALLOCATIONS.LIST>
      <REFVOUCHERDETAILS.LIST>      </REFVOUCHERDETAILS.LIST>
      <INVOICEWISEDETAILS.LIST>      </INVOICEWISEDETAILS.LIST>
      <VATITCDETAILS.LIST>      </VATITCDETAILS.LIST>
      <ADVANCETAXDETAILS.LIST>      </ADVANCETAXDETAILS.LIST>
      <TAXTYPEALLOCATIONS.LIST>      </TAXTYPEALLOCATIONS.LIST>
     </LEDGERENTRIES.LIST>
     <LEDGERENTRIES.LIST>
      <OLDAUDITENTRYIDS.LIST TYPE="Number">
       <OLDAUDITENTRYIDS>-1</OLDAUDITENTRYIDS>
      </OLDAUDITENTRYIDS.LIST>
      <ORIGPURCHINVDATE/>
      <NARRATION/>
      <ADDLALLOCTYPE/>
      <TAXCLASSIFICATIONNAME/>
      <APPROPRIATEFOR/>
      <GSTDUTYHEAD/>
      <GSTAPPROPRIATETO/>
      <NOTIFICATIONSLNO/>
      <EXCISEALLOCTYPE/>
      <SWIFTCODE/>
      <ROUNDTYPE>&#4; Not Applicable</ROUNDTYPE>
      <LEDGERNAME>CGST</LEDGERNAME>
      <TAXUNITNAME/>
      <STATNATURENAME/>
      <GOODSTYPE/>
      <VATTRADENAME/>
      <METHODTYPE/>
      <CLASSRATE/>
      <STATCLASSIFICATIONNAME/>
      <EXCISECLASSIFICATIONNAME/>
      <ISZRBASICSERVICE/>
      <VATCOMMODITYNAME/>
      <SCHEDULE/>
      <SCHEDULESERIALNUMBER/>
      <VATCOMMODITYCODE/>
      <VATSUBCOMMODITYCODE/>
      <VATMAJORCOMMODITYNAME/>
      <STRDGSTDERIVEDLOCATIONTYPE/>
      <STRDGSTDERIVEDTAXABILITY/>
      <STRDGSTDERIVEDNATURETYPE/>
      <STRDGSTDERIVEDSUPPLYTYPE/>
      <TDSPARTYNAME/>
      <VATPARTYORGNAME/>
      <XBRLADJTYPE/>
      <VOUCHERFBTCATEGORY/>
      <TYPEOFTAXPAYMENT/>
      <VATCALCULATIONTYPE/>
      <VATWORKSCONTRACTTYPE/>
      <VATWCDESCRIPTION/>
      <GSTCLASS>&#4; Not Applicable</GSTCLASS>
      <SCHVIADJTYPE/>
      <GSTOVRDNCLASSIFICATION/>
      <GSTOVRDNNATURE/>
      <GSTOVRDNINELIGIBLEITC/>
      <GSTOVRDNISREVCHARGEAPPL/>
      <GSTOVRDNTAXABILITY/>
      <GSTHSNSACCODE/>
      <GSTSOURCETYPE/>
      <GSTITEMSOURCE/>
      <GSTLEDGERSOURCE/>
      <GSTGROUPSOURCE/>
      <GSTSTOCKGROUPSOURCE/>
      <HSNSOURCETYPE/>
      <HSNITEMSOURCE/>
      <HSNLEDGERSOURCE/>
      <HSNGROUPSOURCE/>
      <HSNSTOCKGROUPSOURCE/>
      <GSTOVRDNSTOREDNATURE/>
      <GSTOVRDNTYPEOFSUPPLY/>
      <GSTRATEINFERAPPLICABILITY/>
      <GSTOVRDNNATUREOFGOODS/>
      <GSTHSNNAME/>
      <GSTHSNDESCRIPTION/>
      <GSTHSNINFERAPPLICABILITY/>
      <HSNOVRDNCLASSIFICATION/>
      <STRDGSTFINALNATUREOFENTRY/>
      <STRDGSTDUTYHEAD/>
      <VATGOODSNATURE/>
      <GSTDEPGSTCLASSIFICATION/>
      <GSTDEPHSNCLASSIFICATION/>
      <POSPAYMENTTYPE/>
      <GSTPARTYLEDGER/>
      <ORIGPURCHPARTY/>
      <ORIGPURCHPARTYADDRESS/>
      <ORIGPURCHINVNO/>
      <ORIGPURCHNOTE/>
      <ISDEEMEDPOSITIVE>No</ISDEEMEDPOSITIVE>
      <LEDGERFROMITEM>No</LEDGERFROMITEM>
      <REMOVEZEROENTRIES/>
      <ISPARTYLEDGER>No</ISPARTYLEDGER>
      <GSTOVERRIDDEN>No</GSTOVERRIDDEN>
      <ISGSTASSESSABLEVALUEOVERRIDDEN>No</ISGSTASSESSABLEVALUEOVERRIDDEN>
      <STRDISGSTAPPLICABLE>No</STRDISGSTAPPLICABLE>
      <STRDGSTISPARTYLEDGER>No</STRDGSTISPARTYLEDGER>
      <STRDGSTISDUTYLEDGER>No</STRDGSTISDUTYLEDGER>
      <CONTENTNEGISPOS/>
      <ISLASTDEEMEDPOSITIVE>No</ISLASTDEEMEDPOSITIVE>
      <ISCAPVATTAXALTERED/>
      <ISCAPVATNOTCLAIMED>No</ISCAPVATNOTCLAIMED>
      <STCRADJPERCENT>0</STCRADJPERCENT>
      <ROUNDLIMIT>0</ROUNDLIMIT>
      <RATEOFADDLVAT>0</RATEOFADDLVAT>
      <RATEOFCESSONVAT>0</RATEOFCESSONVAT>
      <VATTAXRATE>0</VATTAXRATE>
      <VATITEMQTY>0</VATITEMQTY>
      <VATWCDEDUCTRATE>0</VATWCDEDUCTRATE>
      <PREVINVTOTALNUM>0</PREVINVTOTALNUM>
      <VATWCDEDUCTIONRATE>0</VATWCDEDUCTIONRATE>
      <GSTTAXRATE>0</GSTTAXRATE>
      <ORIGINVGOODSQTY>0</ORIGINVGOODSQTY>
      <CAPVATTAXRATE>0</CAPVATTAXRATE>
      <AMOUNT>6163.02</AMOUNT>
      <CESSASSVALONCLASS/>
      <ADDNLVATCLASSAMT/>
      <EIDISCOUNTAMT/>
      <FBTEXEMPTAMOUNT/>
      <VATASSESSABLEVALUE/>
      <VATWCCOSTOFLAND/>
      <VATWCDEDLABOURCHARGES/>
      <VATWCOTHERDEDUCTIONAMT/>
      <VATWCVALUEOFTAXFREEGOODS/>
      <VATWCOTHERCHARGES/>
      <VATWCSUBCONTRACTORAMT/>
      <VATWCDEDUCTAMT/>
      <WCTOTALDEDUCTIONAMT/>
      <PREVAMOUNT/>
      <PREVINVTOTALAMT/>
      <VATWCDEDUCTIONAMOUNT/>
      <ORIGINVGOODSVALUE/>
      <CENVATCAPTINPUTAMT/>
      <GSTASSESSABLEVALUE/>
      <IGSTLIABILITY/>
      <CGSTLIABILITY/>
      <SGSTLIABILITY/>
      <GSTCESSLIABILITY/>
      <GSTOVRDNASSESSABLEVALUE/>
      <GSTASSBLVALUE/>
      <STRDCOMPUTEDASSESSABLEVALUE/>
      <STRDCOMPUTEDIGST/>
      <STRDCOMPUTEDCGST/>
      <STRDCOMPUTEDSGST/>
      <STRDCOMPUTEDCESS/>
      <STRDCOMPUTEDCESSONQTY/>
      <ORIGINVGOODSTAXVALUE/>
      <VATWCESTABLISHMENTCOST/>
      <VATWCCONTRACTORPROFIT/>
      <VATWCPLANNINGDESIGNFEES/>
      <VATWCMACHINERYTOOLSCHARGES/>
      <VATWCCONSUMABLESCOST/>
      <VATEXPAMOUNT>6163.02</VATEXPAMOUNT>
      <VATASSBLVALUE/>
      <VATACCEPTEDTAXAMT/>
      <VATACCEPTEDADDLTAXAMT/>
      <CASHRECEIVED/>
      <CAPVATASSEABLEVALUE/>
      <CAPVATTAXVALUE/>
      <ORIGPURCHVALUE/>
      <SUPPLYMARGVAL/>
      <STRDAPPRSTATECESSGST/>
      <STRDAPPROPRIATEDDISCOUNT/>
      <STRDEXCISETAX/>
      <SERVICETAXDETAILS.LIST>      </SERVICETAXDETAILS.LIST>
      <BANKALLOCATIONS.LIST>      </BANKALLOCATIONS.LIST>
      <BILLALLOCATIONS.LIST>      </BILLALLOCATIONS.LIST>
      <INTERESTCOLLECTION.LIST>      </INTERESTCOLLECTION.LIST>
      <OLDAUDITENTRIES.LIST>      </OLDAUDITENTRIES.LIST>
      <ACCOUNTAUDITENTRIES.LIST>      </ACCOUNTAUDITENTRIES.LIST>
      <AUDITENTRIES.LIST>      </AUDITENTRIES.LIST>
      <INPUTCRALLOCS.LIST>      </INPUTCRALLOCS.LIST>
      <DUTYHEADDETAILS.LIST>      </DUTYHEADDETAILS.LIST>
      <EXCISEDUTYHEADDETAILS.LIST>      </EXCISEDUTYHEADDETAILS.LIST>
      <RATEDETAILS.LIST>      </RATEDETAILS.LIST>
      <SUMMARYALLOCS.LIST>      </SUMMARYALLOCS.LIST>
      <CENVATDUTYALLOCATIONS.LIST>      </CENVATDUTYALLOCATIONS.LIST>
      <STPYMTDETAILS.LIST>      </STPYMTDETAILS.LIST>
      <EXCISEPAYMENTALLOCATIONS.LIST>      </EXCISEPAYMENTALLOCATIONS.LIST>
      <TAXBILLALLOCATIONS.LIST>      </TAXBILLALLOCATIONS.LIST>
      <TAXOBJECTALLOCATIONS.LIST>      </TAXOBJECTALLOCATIONS.LIST>
      <TDSEXPENSEALLOCATIONS.LIST>      </TDSEXPENSEALLOCATIONS.LIST>
      <VATSTATUTORYDETAILS.LIST>      </VATSTATUTORYDETAILS.LIST>
      <COSTTRACKALLOCATIONS.LIST>      </COSTTRACKALLOCATIONS.LIST>
      <REFVOUCHERDETAILS.LIST>      </REFVOUCHERDETAILS.LIST>
      <INVOICEWISEDETAILS.LIST>      </INVOICEWISEDETAILS.LIST>
      <VATITCDETAILS.LIST>      </VATITCDETAILS.LIST>
      <ADVANCETAXDETAILS.LIST>      </ADVANCETAXDETAILS.LIST>
      <TAXTYPEALLOCATIONS.LIST>      </TAXTYPEALLOCATIONS.LIST>
     </LEDGERENTRIES.LIST>
     <LEDGERENTRIES.LIST>
      <OLDAUDITENTRYIDS.LIST TYPE="Number">
       <OLDAUDITENTRYIDS>-1</OLDAUDITENTRYIDS>
      </OLDAUDITENTRYIDS.LIST>
      <ORIGPURCHINVDATE/>
      <NARRATION/>
      <ADDLALLOCTYPE/>
      <TAXCLASSIFICATIONNAME/>
      <APPROPRIATEFOR/>
      <GSTDUTYHEAD/>
      <GSTAPPROPRIATETO/>
      <NOTIFICATIONSLNO/>
      <EXCISEALLOCTYPE/>
      <SWIFTCODE/>
      <ROUNDTYPE>&#4; Not Applicable</ROUNDTYPE>
      <LEDGERNAME>SGST</LEDGERNAME>
      <TAXUNITNAME/>
      <STATNATURENAME/>
      <GOODSTYPE/>
      <VATTRADENAME/>
      <METHODTYPE/>
      <CLASSRATE/>
      <STATCLASSIFICATIONNAME/>
      <EXCISECLASSIFICATIONNAME/>
      <ISZRBASICSERVICE/>
      <VATCOMMODITYNAME/>
      <SCHEDULE/>
      <SCHEDULESERIALNUMBER/>
      <VATCOMMODITYCODE/>
      <VATSUBCOMMODITYCODE/>
      <VATMAJORCOMMODITYNAME/>
      <STRDGSTDERIVEDLOCATIONTYPE/>
      <STRDGSTDERIVEDTAXABILITY/>
      <STRDGSTDERIVEDNATURETYPE/>
      <STRDGSTDERIVEDSUPPLYTYPE/>
      <TDSPARTYNAME/>
      <VATPARTYORGNAME/>
      <XBRLADJTYPE/>
      <VOUCHERFBTCATEGORY/>
      <TYPEOFTAXPAYMENT/>
      <VATCALCULATIONTYPE/>
      <VATWORKSCONTRACTTYPE/>
      <VATWCDESCRIPTION/>
      <GSTCLASS>&#4; Not Applicable</GSTCLASS>
      <SCHVIADJTYPE/>
      <GSTOVRDNCLASSIFICATION/>
      <GSTOVRDNNATURE/>
      <GSTOVRDNINELIGIBLEITC/>
      <GSTOVRDNISREVCHARGEAPPL/>
      <GSTOVRDNTAXABILITY/>
      <GSTHSNSACCODE/>
      <GSTSOURCETYPE/>
      <GSTITEMSOURCE/>
      <GSTLEDGERSOURCE/>
      <GSTGROUPSOURCE/>
      <GSTSTOCKGROUPSOURCE/>
      <HSNSOURCETYPE/>
      <HSNITEMSOURCE/>
      <HSNLEDGERSOURCE/>
      <HSNGROUPSOURCE/>
      <HSNSTOCKGROUPSOURCE/>
      <GSTOVRDNSTOREDNATURE/>
      <GSTOVRDNTYPEOFSUPPLY/>
      <GSTRATEINFERAPPLICABILITY/>
      <GSTOVRDNNATUREOFGOODS/>
      <GSTHSNNAME/>
      <GSTHSNDESCRIPTION/>
      <GSTHSNINFERAPPLICABILITY/>
      <HSNOVRDNCLASSIFICATION/>
      <STRDGSTFINALNATUREOFENTRY/>
      <STRDGSTDUTYHEAD/>
      <VATGOODSNATURE/>
      <GSTDEPGSTCLASSIFICATION/>
      <GSTDEPHSNCLASSIFICATION/>
      <POSPAYMENTTYPE/>
      <GSTPARTYLEDGER/>
      <ORIGPURCHPARTY/>
      <ORIGPURCHPARTYADDRESS/>
      <ORIGPURCHINVNO/>
      <ORIGPURCHNOTE/>
      <ISDEEMEDPOSITIVE>No</ISDEEMEDPOSITIVE>
      <LEDGERFROMITEM>No</LEDGERFROMITEM>
      <REMOVEZEROENTRIES/>
      <ISPARTYLEDGER>No</ISPARTYLEDGER>
      <GSTOVERRIDDEN>No</GSTOVERRIDDEN>
      <ISGSTASSESSABLEVALUEOVERRIDDEN>No</ISGSTASSESSABLEVALUEOVERRIDDEN>
      <STRDISGSTAPPLICABLE>No</STRDISGSTAPPLICABLE>
      <STRDGSTISPARTYLEDGER>No</STRDGSTISPARTYLEDGER>
      <STRDGSTISDUTYLEDGER>No</STRDGSTISDUTYLEDGER>
      <CONTENTNEGISPOS/>
      <ISLASTDEEMEDPOSITIVE>No</ISLASTDEEMEDPOSITIVE>
      <ISCAPVATTAXALTERED/>
      <ISCAPVATNOTCLAIMED>No</ISCAPVATNOTCLAIMED>
      <STCRADJPERCENT>0</STCRADJPERCENT>
      <ROUNDLIMIT>0</ROUNDLIMIT>
      <RATEOFADDLVAT>0</RATEOFADDLVAT>
      <RATEOFCESSONVAT>0</RATEOFCESSONVAT>
      <VATTAXRATE>0</VATTAXRATE>
      <VATITEMQTY>0</VATITEMQTY>
      <VATWCDEDUCTRATE>0</VATWCDEDUCTRATE>
      <PREVINVTOTALNUM>0</PREVINVTOTALNUM>
      <VATWCDEDUCTIONRATE>0</VATWCDEDUCTIONRATE>
      <GSTTAXRATE>0</GSTTAXRATE>
      <ORIGINVGOODSQTY>0</ORIGINVGOODSQTY>
      <CAPVATTAXRATE>0</CAPVATTAXRATE>
      <AMOUNT>6163.02</AMOUNT>
      <CESSASSVALONCLASS/>
      <ADDNLVATCLASSAMT/>
      <EIDISCOUNTAMT/>
      <FBTEXEMPTAMOUNT/>
      <VATASSESSABLEVALUE/>
      <VATWCCOSTOFLAND/>
      <VATWCDEDLABOURCHARGES/>
      <VATWCOTHERDEDUCTIONAMT/>
      <VATWCVALUEOFTAXFREEGOODS/>
      <VATWCOTHERCHARGES/>
      <VATWCSUBCONTRACTORAMT/>
      <VATWCDEDUCTAMT/>
      <WCTOTALDEDUCTIONAMT/>
      <PREVAMOUNT/>
      <PREVINVTOTALAMT/>
      <VATWCDEDUCTIONAMOUNT/>
      <ORIGINVGOODSVALUE/>
      <CENVATCAPTINPUTAMT/>
      <GSTASSESSABLEVALUE/>
      <IGSTLIABILITY/>
      <CGSTLIABILITY/>
      <SGSTLIABILITY/>
      <GSTCESSLIABILITY/>
      <GSTOVRDNASSESSABLEVALUE/>
      <GSTASSBLVALUE/>
      <STRDCOMPUTEDASSESSABLEVALUE/>
      <STRDCOMPUTEDIGST/>
      <STRDCOMPUTEDCGST/>
      <STRDCOMPUTEDSGST/>
      <STRDCOMPUTEDCESS/>
      <STRDCOMPUTEDCESSONQTY/>
      <ORIGINVGOODSTAXVALUE/>
      <VATWCESTABLISHMENTCOST/>
      <VATWCCONTRACTORPROFIT/>
      <VATWCPLANNINGDESIGNFEES/>
      <VATWCMACHINERYTOOLSCHARGES/>
      <VATWCCONSUMABLESCOST/>
      <VATEXPAMOUNT>6163.02</VATEXPAMOUNT>
      <VATASSBLVALUE/>
      <VATACCEPTEDTAXAMT/>
      <VATACCEPTEDADDLTAXAMT/>
      <CASHRECEIVED/>
      <CAPVATASSEABLEVALUE/>
      <CAPVATTAXVALUE/>
      <ORIGPURCHVALUE/>
      <SUPPLYMARGVAL/>
      <STRDAPPRSTATECESSGST/>
      <STRDAPPROPRIATEDDISCOUNT/>
      <STRDEXCISETAX/>
      <SERVICETAXDETAILS.LIST>      </SERVICETAXDETAILS.LIST>
      <BANKALLOCATIONS.LIST>      </BANKALLOCATIONS.LIST>
      <BILLALLOCATIONS.LIST>      </BILLALLOCATIONS.LIST>
      <INTERESTCOLLECTION.LIST>      </INTERESTCOLLECTION.LIST>
      <OLDAUDITENTRIES.LIST>      </OLDAUDITENTRIES.LIST>
      <ACCOUNTAUDITENTRIES.LIST>      </ACCOUNTAUDITENTRIES.LIST>
      <AUDITENTRIES.LIST>      </AUDITENTRIES.LIST>
      <INPUTCRALLOCS.LIST>      </INPUTCRALLOCS.LIST>
      <DUTYHEADDETAILS.LIST>      </DUTYHEADDETAILS.LIST>
      <EXCISEDUTYHEADDETAILS.LIST>      </EXCISEDUTYHEADDETAILS.LIST>
      <RATEDETAILS.LIST>      </RATEDETAILS.LIST>
      <SUMMARYALLOCS.LIST>      </SUMMARYALLOCS.LIST>
      <CENVATDUTYALLOCATIONS.LIST>      </CENVATDUTYALLOCATIONS.LIST>
      <STPYMTDETAILS.LIST>      </STPYMTDETAILS.LIST>
      <EXCISEPAYMENTALLOCATIONS.LIST>      </EXCISEPAYMENTALLOCATIONS.LIST>
      <TAXBILLALLOCATIONS.LIST>      </TAXBILLALLOCATIONS.LIST>
      <TAXOBJECTALLOCATIONS.LIST>      </TAXOBJECTALLOCATIONS.LIST>
      <TDSEXPENSEALLOCATIONS.LIST>      </TDSEXPENSEALLOCATIONS.LIST>
      <VATSTATUTORYDETAILS.LIST>      </VATSTATUTORYDETAILS.LIST>
      <COSTTRACKALLOCATIONS.LIST>      </COSTTRACKALLOCATIONS.LIST>
      <REFVOUCHERDETAILS.LIST>      </REFVOUCHERDETAILS.LIST>
      <INVOICEWISEDETAILS.LIST>      </INVOICEWISEDETAILS.LIST>
      <VATITCDETAILS.LIST>      </VATITCDETAILS.LIST>
      <ADVANCETAXDETAILS.LIST>      </ADVANCETAXDETAILS.LIST>
      <TAXTYPEALLOCATIONS.LIST>      </TAXTYPEALLOCATIONS.LIST>
     </LEDGERENTRIES.LIST>
     <LEDGERENTRIES.LIST>
      <OLDAUDITENTRYIDS.LIST TYPE="Number">
       <OLDAUDITENTRYIDS>-1</OLDAUDITENTRYIDS>
      </OLDAUDITENTRYIDS.LIST>
      <ORIGPURCHINVDATE/>
      <NARRATION/>
      <ADDLALLOCTYPE/>
      <TAXCLASSIFICATIONNAME/>
      <APPROPRIATEFOR/>
      <GSTDUTYHEAD/>
      <GSTAPPROPRIATETO/>
      <NOTIFICATIONSLNO/>
      <EXCISEALLOCTYPE/>
      <SWIFTCODE/>
      <ROUNDTYPE>Normal Rounding</ROUNDTYPE>
      <LEDGERNAME>R/off Outward</LEDGERNAME>
      <TAXUNITNAME/>
      <STATNATURENAME/>
      <GOODSTYPE/>
      <VATTRADENAME/>
      <METHODTYPE/>
      <CLASSRATE/>
      <STATCLASSIFICATIONNAME/>
      <EXCISECLASSIFICATIONNAME/>
      <ISZRBASICSERVICE/>
      <VATCOMMODITYNAME/>
      <SCHEDULE/>
      <SCHEDULESERIALNUMBER/>
      <VATCOMMODITYCODE/>
      <VATSUBCOMMODITYCODE/>
      <VATMAJORCOMMODITYNAME/>
      <STRDGSTDERIVEDLOCATIONTYPE/>
      <STRDGSTDERIVEDTAXABILITY/>
      <STRDGSTDERIVEDNATURETYPE/>
      <STRDGSTDERIVEDSUPPLYTYPE/>
      <TDSPARTYNAME/>
      <VATPARTYORGNAME/>
      <XBRLADJTYPE/>
      <VOUCHERFBTCATEGORY/>
      <TYPEOFTAXPAYMENT/>
      <VATCALCULATIONTYPE/>
      <VATWORKSCONTRACTTYPE/>
      <VATWCDESCRIPTION/>
      <GSTCLASS>&#4; Not Applicable</GSTCLASS>
      <SCHVIADJTYPE/>
      <GSTOVRDNCLASSIFICATION/>
      <GSTOVRDNNATURE/>
      <GSTOVRDNINELIGIBLEITC/>
      <GSTOVRDNISREVCHARGEAPPL/>
      <GSTOVRDNTAXABILITY/>
      <GSTHSNSACCODE/>
      <GSTSOURCETYPE/>
      <GSTITEMSOURCE/>
      <GSTLEDGERSOURCE/>
      <GSTGROUPSOURCE/>
      <GSTSTOCKGROUPSOURCE/>
      <HSNSOURCETYPE/>
      <HSNITEMSOURCE/>
      <HSNLEDGERSOURCE/>
      <HSNGROUPSOURCE/>
      <HSNSTOCKGROUPSOURCE/>
      <GSTOVRDNSTOREDNATURE/>
      <GSTOVRDNTYPEOFSUPPLY/>
      <GSTRATEINFERAPPLICABILITY/>
      <GSTOVRDNNATUREOFGOODS/>
      <GSTHSNNAME/>
      <GSTHSNDESCRIPTION/>
      <GSTHSNINFERAPPLICABILITY/>
      <HSNOVRDNCLASSIFICATION/>
      <STRDGSTFINALNATUREOFENTRY/>
      <STRDGSTDUTYHEAD/>
      <VATGOODSNATURE/>
      <GSTDEPGSTCLASSIFICATION/>
      <GSTDEPHSNCLASSIFICATION/>
      <POSPAYMENTTYPE/>
      <GSTPARTYLEDGER/>
      <ORIGPURCHPARTY/>
      <ORIGPURCHPARTYADDRESS/>
      <ORIGPURCHINVNO/>
      <ORIGPURCHNOTE/>
      <ISDEEMEDPOSITIVE>No</ISDEEMEDPOSITIVE>
      <LEDGERFROMITEM>No</LEDGERFROMITEM>
      <REMOVEZEROENTRIES/>
      <ISPARTYLEDGER>No</ISPARTYLEDGER>
      <GSTOVERRIDDEN>No</GSTOVERRIDDEN>
      <ISGSTASSESSABLEVALUEOVERRIDDEN>No</ISGSTASSESSABLEVALUEOVERRIDDEN>
      <STRDISGSTAPPLICABLE>No</STRDISGSTAPPLICABLE>
      <STRDGSTISPARTYLEDGER>No</STRDGSTISPARTYLEDGER>
      <STRDGSTISDUTYLEDGER>No</STRDGSTISDUTYLEDGER>
      <CONTENTNEGISPOS/>
      <ISLASTDEEMEDPOSITIVE>No</ISLASTDEEMEDPOSITIVE>
      <ISCAPVATTAXALTERED/>
      <ISCAPVATNOTCLAIMED>No</ISCAPVATNOTCLAIMED>
      <STCRADJPERCENT>0</STCRADJPERCENT>
      <ROUNDLIMIT> 1</ROUNDLIMIT>
      <RATEOFADDLVAT>0</RATEOFADDLVAT>
      <RATEOFCESSONVAT>0</RATEOFCESSONVAT>
      <VATTAXRATE>0</VATTAXRATE>
      <VATITEMQTY>0</VATITEMQTY>
      <VATWCDEDUCTRATE>0</VATWCDEDUCTRATE>
      <PREVINVTOTALNUM>0</PREVINVTOTALNUM>
      <VATWCDEDUCTIONRATE>0</VATWCDEDUCTIONRATE>
      <GSTTAXRATE>0</GSTTAXRATE>
      <ORIGINVGOODSQTY>0</ORIGINVGOODSQTY>
      <CAPVATTAXRATE>0</CAPVATTAXRATE>
      <AMOUNT>-0.04</AMOUNT>
      <CESSASSVALONCLASS/>
      <ADDNLVATCLASSAMT/>
      <EIDISCOUNTAMT/>
      <FBTEXEMPTAMOUNT/>
      <VATASSESSABLEVALUE/>
      <VATWCCOSTOFLAND/>
      <VATWCDEDLABOURCHARGES/>
      <VATWCOTHERDEDUCTIONAMT/>
      <VATWCVALUEOFTAXFREEGOODS/>
      <VATWCOTHERCHARGES/>
      <VATWCSUBCONTRACTORAMT/>
      <VATWCDEDUCTAMT/>
      <WCTOTALDEDUCTIONAMT/>
      <PREVAMOUNT/>
      <PREVINVTOTALAMT/>
      <VATWCDEDUCTIONAMOUNT/>
      <ORIGINVGOODSVALUE/>
      <CENVATCAPTINPUTAMT/>
      <GSTASSESSABLEVALUE/>
      <IGSTLIABILITY/>
      <CGSTLIABILITY/>
      <SGSTLIABILITY/>
      <GSTCESSLIABILITY/>
      <GSTOVRDNASSESSABLEVALUE/>
      <GSTASSBLVALUE/>
      <STRDCOMPUTEDASSESSABLEVALUE/>
      <STRDCOMPUTEDIGST/>
      <STRDCOMPUTEDCGST/>
      <STRDCOMPUTEDSGST/>
      <STRDCOMPUTEDCESS/>
      <STRDCOMPUTEDCESSONQTY/>
      <ORIGINVGOODSTAXVALUE/>
      <VATWCESTABLISHMENTCOST/>
      <VATWCCONTRACTORPROFIT/>
      <VATWCPLANNINGDESIGNFEES/>
      <VATWCMACHINERYTOOLSCHARGES/>
      <VATWCCONSUMABLESCOST/>
      <VATEXPAMOUNT>-0.04</VATEXPAMOUNT>
      <VATASSBLVALUE/>
      <VATACCEPTEDTAXAMT/>
      <VATACCEPTEDADDLTAXAMT/>
      <CASHRECEIVED/>
      <CAPVATASSEABLEVALUE/>
      <CAPVATTAXVALUE/>
      <ORIGPURCHVALUE/>
      <SUPPLYMARGVAL/>
      <STRDAPPRSTATECESSGST/>
      <STRDAPPROPRIATEDDISCOUNT/>
      <STRDEXCISETAX/>
      <SERVICETAXDETAILS.LIST>      </SERVICETAXDETAILS.LIST>
      <BANKALLOCATIONS.LIST>      </BANKALLOCATIONS.LIST>
      <BILLALLOCATIONS.LIST>      </BILLALLOCATIONS.LIST>
      <INTERESTCOLLECTION.LIST>      </INTERESTCOLLECTION.LIST>
      <OLDAUDITENTRIES.LIST>      </OLDAUDITENTRIES.LIST>
      <ACCOUNTAUDITENTRIES.LIST>      </ACCOUNTAUDITENTRIES.LIST>
      <AUDITENTRIES.LIST>      </AUDITENTRIES.LIST>
      <INPUTCRALLOCS.LIST>      </INPUTCRALLOCS.LIST>
      <DUTYHEADDETAILS.LIST>      </DUTYHEADDETAILS.LIST>
      <EXCISEDUTYHEADDETAILS.LIST>      </EXCISEDUTYHEADDETAILS.LIST>
      <RATEDETAILS.LIST>      </RATEDETAILS.LIST>
      <SUMMARYALLOCS.LIST>      </SUMMARYALLOCS.LIST>
      <CENVATDUTYALLOCATIONS.LIST>      </CENVATDUTYALLOCATIONS.LIST>
      <STPYMTDETAILS.LIST>      </STPYMTDETAILS.LIST>
      <EXCISEPAYMENTALLOCATIONS.LIST>      </EXCISEPAYMENTALLOCATIONS.LIST>
      <TAXBILLALLOCATIONS.LIST>      </TAXBILLALLOCATIONS.LIST>
      <TAXOBJECTALLOCATIONS.LIST>      </TAXOBJECTALLOCATIONS.LIST>
      <TDSEXPENSEALLOCATIONS.LIST>      </TDSEXPENSEALLOCATIONS.LIST>
      <VATSTATUTORYDETAILS.LIST>      </VATSTATUTORYDETAILS.LIST>
      <COSTTRACKALLOCATIONS.LIST>      </COSTTRACKALLOCATIONS.LIST>
      <REFVOUCHERDETAILS.LIST>      </REFVOUCHERDETAILS.LIST>
      <INVOICEWISEDETAILS.LIST>      </INVOICEWISEDETAILS.LIST>
      <VATITCDETAILS.LIST>      </VATITCDETAILS.LIST>
      <ADVANCETAXDETAILS.LIST>      </ADVANCETAXDETAILS.LIST>
      <TAXTYPEALLOCATIONS.LIST>      </TAXTYPEALLOCATIONS.LIST>
     </LEDGERENTRIES.LIST>
     <ALLLEDGERENTRIES.LIST>
      <OLDAUDITENTRYIDS.LIST TYPE="Number">
       <OLDAUDITENTRYIDS>-1</OLDAUDITENTRYIDS>
      </OLDAUDITENTRYIDS.LIST>
      <ORIGPURCHINVDATE/>
      <NARRATION/>
      <ADDLALLOCTYPE/>
      <TAXCLASSIFICATIONNAME/>
      <APPROPRIATEFOR/>
      <GSTDUTYHEAD/>
      <GSTAPPROPRIATETO/>
      <NOTIFICATIONSLNO/>
      <EXCISEALLOCTYPE/>
      <SWIFTCODE/>
      <ROUNDTYPE/>
      <LEDGERNAME>Arun Sane Associates</LEDGERNAME>
      <TAXUNITNAME/>
      <STATNATURENAME/>
      <GOODSTYPE/>
      <VATTRADENAME/>
      <METHODTYPE/>
      <CLASSRATE/>
      <STATCLASSIFICATIONNAME/>
      <EXCISECLASSIFICATIONNAME/>
      <ISZRBASICSERVICE/>
      <VATCOMMODITYNAME/>
      <SCHEDULE/>
      <SCHEDULESERIALNUMBER/>
      <VATCOMMODITYCODE/>
      <VATSUBCOMMODITYCODE/>
      <VATMAJORCOMMODITYNAME/>
      <STRDGSTDERIVEDLOCATIONTYPE/>
      <STRDGSTDERIVEDTAXABILITY/>
      <STRDGSTDERIVEDNATURETYPE/>
      <STRDGSTDERIVEDSUPPLYTYPE/>
      <TDSPARTYNAME/>
      <VATPARTYORGNAME/>
      <XBRLADJTYPE/>
      <VOUCHERFBTCATEGORY/>
      <TYPEOFTAXPAYMENT/>
      <VATCALCULATIONTYPE/>
      <VATWORKSCONTRACTTYPE/>
      <VATWCDESCRIPTION/>
      <GSTCLASS>&#4; Not Applicable</GSTCLASS>
      <SCHVIADJTYPE/>
      <GSTOVRDNCLASSIFICATION/>
      <GSTOVRDNNATURE/>
      <GSTOVRDNINELIGIBLEITC/>
      <GSTOVRDNISREVCHARGEAPPL/>
      <GSTOVRDNTAXABILITY/>
      <GSTHSNSACCODE/>
      <GSTSOURCETYPE/>
      <GSTITEMSOURCE/>
      <GSTLEDGERSOURCE/>
      <GSTGROUPSOURCE/>
      <GSTSTOCKGROUPSOURCE/>
      <HSNSOURCETYPE/>
      <HSNITEMSOURCE/>
      <HSNLEDGERSOURCE/>
      <HSNGROUPSOURCE/>
      <HSNSTOCKGROUPSOURCE/>
      <GSTOVRDNSTOREDNATURE/>
      <GSTOVRDNTYPEOFSUPPLY/>
      <GSTRATEINFERAPPLICABILITY/>
      <GSTOVRDNNATUREOFGOODS/>
      <GSTHSNNAME/>
      <GSTHSNDESCRIPTION/>
      <GSTHSNINFERAPPLICABILITY/>
      <HSNOVRDNCLASSIFICATION/>
      <STRDGSTFINALNATUREOFENTRY/>
      <STRDGSTDUTYHEAD/>
      <VATGOODSNATURE/>
      <GSTDEPGSTCLASSIFICATION/>
      <GSTDEPHSNCLASSIFICATION/>
      <POSPAYMENTTYPE/>
      <GSTPARTYLEDGER/>
      <ORIGPURCHPARTY/>
      <ORIGPURCHPARTYADDRESS/>
      <ORIGPURCHINVNO/>
      <ORIGPURCHNOTE/>
      <ISDEEMEDPOSITIVE>Yes</ISDEEMEDPOSITIVE>
      <LEDGERFROMITEM>No</LEDGERFROMITEM>
      <REMOVEZEROENTRIES/>
      <ISPARTYLEDGER>Yes</ISPARTYLEDGER>
      <GSTOVERRIDDEN>No</GSTOVERRIDDEN>
      <ISGSTASSESSABLEVALUEOVERRIDDEN>No</ISGSTASSESSABLEVALUEOVERRIDDEN>
      <STRDISGSTAPPLICABLE>No</STRDISGSTAPPLICABLE>
      <STRDGSTISPARTYLEDGER>No</STRDGSTISPARTYLEDGER>
      <STRDGSTISDUTYLEDGER>No</STRDGSTISDUTYLEDGER>
      <CONTENTNEGISPOS/>
      <ISLASTDEEMEDPOSITIVE>Yes</ISLASTDEEMEDPOSITIVE>
      <ISCAPVATTAXALTERED/>
      <ISCAPVATNOTCLAIMED>No</ISCAPVATNOTCLAIMED>
      <STCRADJPERCENT>0</STCRADJPERCENT>
      <ROUNDLIMIT>0</ROUNDLIMIT>
      <RATEOFADDLVAT>0</RATEOFADDLVAT>
      <RATEOFCESSONVAT>0</RATEOFCESSONVAT>
      <VATTAXRATE>0</VATTAXRATE>
      <VATITEMQTY>0</VATITEMQTY>
      <VATWCDEDUCTRATE>0</VATWCDEDUCTRATE>
      <PREVINVTOTALNUM>0</PREVINVTOTALNUM>
      <VATWCDEDUCTIONRATE>0</VATWCDEDUCTIONRATE>
      <GSTTAXRATE>0</GSTTAXRATE>
      <ORIGINVGOODSQTY>0</ORIGINVGOODSQTY>
      <CAPVATTAXRATE>0</CAPVATTAXRATE>
      <AMOUNT>-80804.00</AMOUNT>
      <CESSASSVALONCLASS/>
      <ADDNLVATCLASSAMT/>
      <EIDISCOUNTAMT/>
      <FBTEXEMPTAMOUNT/>
      <VATASSESSABLEVALUE/>
      <VATWCCOSTOFLAND/>
      <VATWCDEDLABOURCHARGES/>
      <VATWCOTHERDEDUCTIONAMT/>
      <VATWCVALUEOFTAXFREEGOODS/>
      <VATWCOTHERCHARGES/>
      <VATWCSUBCONTRACTORAMT/>
      <VATWCDEDUCTAMT/>
      <WCTOTALDEDUCTIONAMT/>
      <PREVAMOUNT/>
      <PREVINVTOTALAMT/>
      <VATWCDEDUCTIONAMOUNT/>
      <ORIGINVGOODSVALUE/>
      <CENVATCAPTINPUTAMT/>
      <GSTASSESSABLEVALUE/>
      <IGSTLIABILITY/>
      <CGSTLIABILITY/>
      <SGSTLIABILITY/>
      <GSTCESSLIABILITY/>
      <GSTOVRDNASSESSABLEVALUE/>
      <GSTASSBLVALUE/>
      <STRDCOMPUTEDASSESSABLEVALUE/>
      <STRDCOMPUTEDIGST/>
      <STRDCOMPUTEDCGST/>
      <STRDCOMPUTEDSGST/>
      <STRDCOMPUTEDCESS/>
      <STRDCOMPUTEDCESSONQTY/>
      <ORIGINVGOODSTAXVALUE/>
      <VATWCESTABLISHMENTCOST/>
      <VATWCCONTRACTORPROFIT/>
      <VATWCPLANNINGDESIGNFEES/>
      <VATWCMACHINERYTOOLSCHARGES/>
      <VATWCCONSUMABLESCOST/>
      <VATEXPAMOUNT/>
      <VATASSBLVALUE/>
      <VATACCEPTEDTAXAMT/>
      <VATACCEPTEDADDLTAXAMT/>
      <CASHRECEIVED/>
      <CAPVATASSEABLEVALUE/>
      <CAPVATTAXVALUE/>
      <ORIGPURCHVALUE/>
      <SUPPLYMARGVAL/>
      <STRDAPPRSTATECESSGST/>
      <STRDAPPROPRIATEDDISCOUNT/>
      <STRDEXCISETAX/>
      <SERVICETAXDETAILS.LIST>      </SERVICETAXDETAILS.LIST>
      <BANKALLOCATIONS.LIST>      </BANKALLOCATIONS.LIST>
      <BILLALLOCATIONS.LIST>
       <BILLDATE TYPE="Date">20260401</BILLDATE>
       <YEAREND/>
       <BILLCREATIONDATE TYPE="Date">20260401</BILLCREATIONDATE>
       <NAME>16700</NAME>
       <BILLCREDITPERIOD/>
       <TDSDEDUCTEESECTIONNUMBER/>
       <TDSLEDGERNC/>
       <SERVICETAXLEDGER/>
       <BILLTYPE>New Ref</BILLTYPE>
       <SUMNAME/>
       <TDSDEDUCTEEISSPECIALRATE>No</TDSDEDUCTEEISSPECIALRATE>
       <TDSDEDUCTEESPECIALRATE>0</TDSDEDUCTEESPECIALRATE>
       <BILLID TYPE="Number"> 47368</BILLID>
       <AMOUNT>-80804.00</AMOUNT>
       <INTERESTCOLLECTION.LIST>       </INTERESTCOLLECTION.LIST>
       <STBILLCATEGORIES.LIST>       </STBILLCATEGORIES.LIST>
      </BILLALLOCATIONS.LIST>
      <INTERESTCOLLECTION.LIST>      </INTERESTCOLLECTION.LIST>
      <OLDAUDITENTRIES.LIST>      </OLDAUDITENTRIES.LIST>
      <ACCOUNTAUDITENTRIES.LIST>      </ACCOUNTAUDITENTRIES.LIST>
      <AUDITENTRIES.LIST>      </AUDITENTRIES.LIST>
      <INPUTCRALLOCS.LIST>      </INPUTCRALLOCS.LIST>
      <DUTYHEADDETAILS.LIST>      </DUTYHEADDETAILS.LIST>
      <EXCISEDUTYHEADDETAILS.LIST>      </EXCISEDUTYHEADDETAILS.LIST>
      <RATEDETAILS.LIST>      </RATEDETAILS.LIST>
      <SUMMARYALLOCS.LIST>      </SUMMARYALLOCS.LIST>
      <CENVATDUTYALLOCATIONS.LIST>      </CENVATDUTYALLOCATIONS.LIST>
      <STPYMTDETAILS.LIST>      </STPYMTDETAILS.LIST>
      <EXCISEPAYMENTALLOCATIONS.LIST>      </EXCISEPAYMENTALLOCATIONS.LIST>
      <TAXBILLALLOCATIONS.LIST>      </TAXBILLALLOCATIONS.LIST>
      <TAXOBJECTALLOCATIONS.LIST>      </TAXOBJECTALLOCATIONS.LIST>
      <TDSEXPENSEALLOCATIONS.LIST>      </TDSEXPENSEALLOCATIONS.LIST>
      <VATSTATUTORYDETAILS.LIST>      </VATSTATUTORYDETAILS.LIST>
      <COSTTRACKALLOCATIONS.LIST>      </COSTTRACKALLOCATIONS.LIST>
      <REFVOUCHERDETAILS.LIST>      </REFVOUCHERDETAILS.LIST>
      <INVOICEWISEDETAILS.LIST>      </INVOICEWISEDETAILS.LIST>
      <VATITCDETAILS.LIST>      </VATITCDETAILS.LIST>
      <ADVANCETAXDETAILS.LIST>      </ADVANCETAXDETAILS.LIST>
      <TAXTYPEALLOCATIONS.LIST>      </TAXTYPEALLOCATIONS.LIST>
     </ALLLEDGERENTRIES.LIST>
     <ALLLEDGERENTRIES.LIST>
      <OLDAUDITENTRYIDS.LIST TYPE="Number">
       <OLDAUDITENTRYIDS>-1</OLDAUDITENTRYIDS>
      </OLDAUDITENTRYIDS.LIST>
      <ORIGPURCHINVDATE/>
      <NARRATION/>
      <ADDLALLOCTYPE/>
      <TAXCLASSIFICATIONNAME/>
      <APPROPRIATEFOR/>
      <GSTDUTYHEAD/>
      <GSTAPPROPRIATETO/>
      <NOTIFICATIONSLNO/>
      <EXCISEALLOCTYPE/>
      <SWIFTCODE/>
      <ROUNDTYPE/>
      <LEDGERNAME>Sales Local Taxable - GST 18%</LEDGERNAME>
      <TAXUNITNAME/>
      <STATNATURENAME/>
      <GOODSTYPE/>
      <VATTRADENAME/>
      <METHODTYPE/>
      <CLASSRATE/>
      <STATCLASSIFICATIONNAME/>
      <EXCISECLASSIFICATIONNAME/>
      <ISZRBASICSERVICE/>
      <VATCOMMODITYNAME/>
      <SCHEDULE/>
      <SCHEDULESERIALNUMBER/>
      <VATCOMMODITYCODE/>
      <VATSUBCOMMODITYCODE/>
      <VATMAJORCOMMODITYNAME/>
      <STRDGSTDERIVEDLOCATIONTYPE/>
      <STRDGSTDERIVEDTAXABILITY/>
      <STRDGSTDERIVEDNATURETYPE/>
      <STRDGSTDERIVEDSUPPLYTYPE/>
      <TDSPARTYNAME/>
      <VATPARTYORGNAME/>
      <XBRLADJTYPE/>
      <VOUCHERFBTCATEGORY/>
      <TYPEOFTAXPAYMENT/>
      <VATCALCULATIONTYPE/>
      <VATWORKSCONTRACTTYPE/>
      <VATWCDESCRIPTION/>
      <GSTCLASS>&#4; Not Applicable</GSTCLASS>
      <SCHVIADJTYPE/>
      <GSTOVRDNCLASSIFICATION/>
      <GSTOVRDNNATURE/>
      <GSTOVRDNINELIGIBLEITC/>
      <GSTOVRDNISREVCHARGEAPPL/>
      <GSTOVRDNTAXABILITY/>
      <GSTHSNSACCODE/>
      <GSTSOURCETYPE/>
      <GSTITEMSOURCE/>
      <GSTLEDGERSOURCE/>
      <GSTGROUPSOURCE/>
      <GSTSTOCKGROUPSOURCE/>
      <HSNSOURCETYPE/>
      <HSNITEMSOURCE/>
      <HSNLEDGERSOURCE/>
      <HSNGROUPSOURCE/>
      <HSNSTOCKGROUPSOURCE/>
      <GSTOVRDNSTOREDNATURE/>
      <GSTOVRDNTYPEOFSUPPLY/>
      <GSTRATEINFERAPPLICABILITY/>
      <GSTOVRDNNATUREOFGOODS/>
      <GSTHSNNAME/>
      <GSTHSNDESCRIPTION/>
      <GSTHSNINFERAPPLICABILITY/>
      <HSNOVRDNCLASSIFICATION/>
      <STRDGSTFINALNATUREOFENTRY/>
      <STRDGSTDUTYHEAD/>
      <VATGOODSNATURE/>
      <GSTDEPGSTCLASSIFICATION/>
      <GSTDEPHSNCLASSIFICATION/>
      <POSPAYMENTTYPE/>
      <GSTPARTYLEDGER/>
      <ORIGPURCHPARTY/>
      <ORIGPURCHPARTYADDRESS/>
      <ORIGPURCHINVNO/>
      <ORIGPURCHNOTE/>
      <ISDEEMEDPOSITIVE>No</ISDEEMEDPOSITIVE>
      <LEDGERFROMITEM>No</LEDGERFROMITEM>
      <REMOVEZEROENTRIES/>
      <ISPARTYLEDGER>No</ISPARTYLEDGER>
      <GSTOVERRIDDEN>No</GSTOVERRIDDEN>
      <ISGSTASSESSABLEVALUEOVERRIDDEN>No</ISGSTASSESSABLEVALUEOVERRIDDEN>
      <STRDISGSTAPPLICABLE>No</STRDISGSTAPPLICABLE>
      <STRDGSTISPARTYLEDGER>No</STRDGSTISPARTYLEDGER>
      <STRDGSTISDUTYLEDGER>No</STRDGSTISDUTYLEDGER>
      <CONTENTNEGISPOS/>
      <ISLASTDEEMEDPOSITIVE>No</ISLASTDEEMEDPOSITIVE>
      <ISCAPVATTAXALTERED/>
      <ISCAPVATNOTCLAIMED>No</ISCAPVATNOTCLAIMED>
      <STCRADJPERCENT>0</STCRADJPERCENT>
      <ROUNDLIMIT>0</ROUNDLIMIT>
      <RATEOFADDLVAT>0</RATEOFADDLVAT>
      <RATEOFCESSONVAT>0</RATEOFCESSONVAT>
      <VATTAXRATE>0</VATTAXRATE>
      <VATITEMQTY>0</VATITEMQTY>
      <VATWCDEDUCTRATE>0</VATWCDEDUCTRATE>
      <PREVINVTOTALNUM>0</PREVINVTOTALNUM>
      <VATWCDEDUCTIONRATE>0</VATWCDEDUCTIONRATE>
      <GSTTAXRATE>0</GSTTAXRATE>
      <ORIGINVGOODSQTY>0</ORIGINVGOODSQTY>
      <CAPVATTAXRATE>0</CAPVATTAXRATE>
      <AMOUNT>64478.00</AMOUNT>
      <CESSASSVALONCLASS/>
      <ADDNLVATCLASSAMT/>
      <EIDISCOUNTAMT/>
      <FBTEXEMPTAMOUNT/>
      <VATASSESSABLEVALUE/>
      <VATWCCOSTOFLAND/>
      <VATWCDEDLABOURCHARGES/>
      <VATWCOTHERDEDUCTIONAMT/>
      <VATWCVALUEOFTAXFREEGOODS/>
      <VATWCOTHERCHARGES/>
      <VATWCSUBCONTRACTORAMT/>
      <VATWCDEDUCTAMT/>
      <WCTOTALDEDUCTIONAMT/>
      <PREVAMOUNT/>
      <PREVINVTOTALAMT/>
      <VATWCDEDUCTIONAMOUNT/>
      <ORIGINVGOODSVALUE/>
      <CENVATCAPTINPUTAMT/>
      <GSTASSESSABLEVALUE/>
      <IGSTLIABILITY/>
      <CGSTLIABILITY/>
      <SGSTLIABILITY/>
      <GSTCESSLIABILITY/>
      <GSTOVRDNASSESSABLEVALUE/>
      <GSTASSBLVALUE/>
      <STRDCOMPUTEDASSESSABLEVALUE/>
      <STRDCOMPUTEDIGST/>
      <STRDCOMPUTEDCGST/>
      <STRDCOMPUTEDSGST/>
      <STRDCOMPUTEDCESS/>
      <STRDCOMPUTEDCESSONQTY/>
      <ORIGINVGOODSTAXVALUE/>
      <VATWCESTABLISHMENTCOST/>
      <VATWCCONTRACTORPROFIT/>
      <VATWCPLANNINGDESIGNFEES/>
      <VATWCMACHINERYTOOLSCHARGES/>
      <VATWCCONSUMABLESCOST/>
      <VATEXPAMOUNT/>
      <VATASSBLVALUE/>
      <VATACCEPTEDTAXAMT/>
      <VATACCEPTEDADDLTAXAMT/>
      <CASHRECEIVED/>
      <CAPVATASSEABLEVALUE/>
      <CAPVATTAXVALUE/>
      <ORIGPURCHVALUE/>
      <SUPPLYMARGVAL/>
      <STRDAPPRSTATECESSGST/>
      <STRDAPPROPRIATEDDISCOUNT/>
      <STRDEXCISETAX/>
      <SERVICETAXDETAILS.LIST>      </SERVICETAXDETAILS.LIST>
      <BANKALLOCATIONS.LIST>      </BANKALLOCATIONS.LIST>
      <BILLALLOCATIONS.LIST>      </BILLALLOCATIONS.LIST>
      <INTERESTCOLLECTION.LIST>      </INTERESTCOLLECTION.LIST>
      <OLDAUDITENTRIES.LIST>      </OLDAUDITENTRIES.LIST>
      <ACCOUNTAUDITENTRIES.LIST>      </ACCOUNTAUDITENTRIES.LIST>
      <AUDITENTRIES.LIST>      </AUDITENTRIES.LIST>
      <INPUTCRALLOCS.LIST>      </INPUTCRALLOCS.LIST>
      <INVENTORYALLOCATIONS.LIST>
       <BASICUSERDESCRIPTION.LIST TYPE="String">
        <BASICUSERDESCRIPTION>Gp Is 5509</BASICUSERDESCRIPTION>
       </BASICUSERDESCRIPTION.LIST>
       <ORIGINVOICEDATE/>
       <ORIGSALESINVDATE/>
       <DESCRIPTION/>
       <STOCKITEMNAME>Plywood  2.44 x 1.22  19 mm</STOCKITEMNAME>
       <STATNATURENAME/>
       <EXCISECLASSIFICATIONNAME/>
       <ISZRBASICSERVICE/>
       <STRDGSTDERIVEDLOCATIONTYPE/>
       <STRDGSTDERIVEDTAXABILITY/>
       <STRDGSTDERIVEDNATURETYPE/>
       <STRDGSTDERIVEDSUPPLYTYPE/>
       <GSTOVRDNCLASSIFICATION/>
       <GSTOVRDNNATURE/>
       <GSTOVRDNINELIGIBLEITC/>
       <GSTOVRDNISREVCHARGEAPPL>&#4; Not Applicable</GSTOVRDNISREVCHARGEAPPL>
       <GSTOVRDNTAXABILITY>Taxable</GSTOVRDNTAXABILITY>
       <GSTSOURCETYPE>Stock Item</GSTSOURCETYPE>
       <GSTITEMSOURCE>Plywood  2.44 x 1.22  19 mm</GSTITEMSOURCE>
       <GSTLEDGERSOURCE/>
       <GSTGROUPSOURCE/>
       <GSTSTOCKGROUPSOURCE/>
       <HSNSOURCETYPE>Stock Item</HSNSOURCETYPE>
       <HSNITEMSOURCE>Plywood  2.44 x 1.22  19 mm</HSNITEMSOURCE>
       <HSNLEDGERSOURCE/>
       <HSNGROUPSOURCE/>
       <HSNSTOCKGROUPSOURCE/>
       <GSTOVRDNSTOREDNATURE>&#4; System Inferred</GSTOVRDNSTOREDNATURE>
       <GSTOVRDNTYPEOFSUPPLY>Goods</GSTOVRDNTYPEOFSUPPLY>
       <GSTRATEINFERAPPLICABILITY>As per Masters/Company</GSTRATEINFERAPPLICABILITY>
       <GSTOVRDNNATUREOFGOODS/>
       <GSTHSNNAME>44123190</GSTHSNNAME>
       <GSTHSNDESCRIPTION/>
       <GSTHSNINFERAPPLICABILITY>As per Masters/Company</GSTHSNINFERAPPLICABILITY>
       <HSNOVRDNCLASSIFICATION/>
       <STRDGSTFINALNATUREOFENTRY/>
       <GSTDEPGSTCLASSIFICATION/>
       <GSTDEPHSNCLASSIFICATION/>
       <EXCISETARIFF/>
       <EXCISEEXEMPTION/>
       <TRADERCNSALESNUMBER/>
       <BASICPACKAGEMARKS/>
       <BASICNUMPACKAGES/>
       <SDTAXCLASSIFICATIONNAME/>
       <NATUREOFCOMPONENT/>
       <COMPONENTLISTTYPE/>
       <DISPLAYNATUREOFCOMPONENT/>
       <BOMNAME/>
       <ORIGINVOICENUMBER/>
       <ORIGINVOICEBOOKNAME/>
       <ORIGSALESINVNO/>
       <EXCISERETURNINVOICENO/>
       <REASONOFREJECTION/>
       <EXCISECREDITPARTY/>
       <EXCISECREDITSTKITEM/>
       <EXCISECREDITCATEGORY/>
       <TRADERSUPPLIERINVOICENO/>
       <EXCISESALESINVOICENO/>
       <GSTITEMUQC/>
       <GSTITEMUQCUOM/>
       <ADDLAMOUNT/>
       <ISDEEMEDPOSITIVE>No</ISDEEMEDPOSITIVE>
       <ISGSTASSESSABLEVALUEOVERRIDDEN/>
       <STRDISGSTAPPLICABLE/>
       <CONTENTNEGISPOS/>
       <ISLASTDEEMEDPOSITIVE>No</ISLASTDEEMEDPOSITIVE>
       <ISAUTONEGATE>No</ISAUTONEGATE>
       <ISCUSTOMSCLEARANCE/>
       <ISTRACKCOMPONENT/>
       <ISTRACKPRODUCTION/>
       <ISPRIMARYITEM/>
       <ISSCRAP>No</ISSCRAP>
       <RATE>115.87/sqft</RATE>
       <DISCOUNT>0</DISCOUNT>
       <VATTAXRATE>0</VATTAXRATE>
       <ORIGINVGOODSQTY>0</ORIGINVGOODSQTY>
       <EXCISEMRPABATEMENT>0</EXCISEMRPABATEMENT>
       <ADDLCOSTPERC>0</ADDLCOSTPERC>
       <REVISEDRATEOFDUTY>0</REVISEDRATEOFDUTY>
       <ORIGRATEOFDUTY>0</ORIGRATEOFDUTY>
       <ORIGMRPABATEMENT>0</ORIGMRPABATEMENT>
       <EXCISERETURNDUTYRATE>0</EXCISERETURNDUTYRATE>
       <GVATEXCISERATE>0</GVATEXCISERATE>
       <AMOUNT>37078.40</AMOUNT>
       <EXCISEASSESSABLEVALUE/>
       <CESSASSVALONCLASS/>
       <EIDISCOUNTAMT/>
       <VATASSESSABLEVALUE/>
       <VATWCDEDUCTAMT/>
       <WCTOTALDEDUCTIONAMT/>
       <ORIGINVGOODSVALUE/>
       <GSTOVRDNASSESSABLEVALUE/>
       <GSTASSBLVALUE/>
       <STRDCOMPUTEDASSESSABLEVALUE/>
       <STRDCOMPUTEDIGST/>
       <STRDCOMPUTEDCGST/>
       <STRDCOMPUTEDSGST/>
       <STRDCOMPUTEDCESS/>
       <STRDCOMPUTEDCESSONQTY/>
       <ORIGINVGOODSTAXVALUE/>
       <VATASSBLVALUE/>
       <VATACCEPTEDTAXAMT/>
       <VATACCEPTEDADDLTAXAMT/>
       <STRDAPPRSTATECESSGST/>
       <STRDAPPROPRIATEDDISCOUNT/>
       <STRDEXCISETAX/>
       <VATINPUTTAXCREDIT/>
       <VATELIGIBLECREDIT/>
       <GVATEXCISEAMT/>
       <ACTUALQTY> 10.00 nos =  320.0000 sqft</ACTUALQTY>
       <BILLEDQTY> 10.00 nos =  320.0000 sqft</BILLEDQTY>
       <ORIGACTUALQTY/>
       <ORIGBILLEDQTY/>
       <EXCISERETURNINVOICEQTY/>
       <USABLEQTY/>
       <EXCISECREDITPENDINGQTY/>
       <MRPRATE/>
       <EXCISEMRPRATE/>
       <ORIGRATE/>
       <REVISEDRATE/>
       <ESCALATIONRATE/>
       <ORIGMRPRATE/>
       <ORIGRATEOFQTY/>
       <REVISEDRATEOFQTY/>
       <INCLVATRATE/>
       <BATCHALLOCATIONS.LIST>
        <MFDON/>
        <ORDERYEAREND/>
        <TRACKINGYEAREND/>
        <ORDERPRECLOSUREDATE/>
        <NARRATION/>
        <GODOWNNAME>Main Location</GODOWNNAME>
        <BATCHNAME>Primary Batch</BATCHNAME>
        <DESTINATIONGODOWNNAME/>
        <INDENTNO>&#4; Not Applicable</INDENTNO>
        <ORDERTYPE/>
        <PARENTITEM/>
        <ORDERCLOSUREREASON/>
        <ORDERNO>&#4; Not Applicable</ORDERNO>
        <TRACKINGNUMBER>13010</TRACKINGNUMBER>
        <DYNAMICCSTNO/>
        <DYNAMICCSTPARENTITEM/>
        <SUMDYNAMICCSTNO/>
        <SUMBATCHNAME/>
        <SUMTRACKINGNUMBER/>
        <SUMORDERNO/>
        <SUMINDENTNO/>
        <ADDLAMOUNT/>
        <DYNAMICCSTISCLEARED>No</DYNAMICCSTISCLEARED>
        <TRACKID TYPE="Number"> 47369</TRACKID>
        <BATCHID TYPE="Number"> 24074</BATCHID>
        <BATCHDISCOUNT TYPE="Number">0</BATCHDISCOUNT>
        <AMOUNT>37078.40</AMOUNT>
        <ADDLEXPENSEAMOUNT/>
        <BATCHDIFFVAL/>
        <ACTUALQTY> 10.00 nos =  320.0000 sqft</ACTUALQTY>
        <BILLEDQTY> 10.00 nos =  320.0000 sqft</BILLEDQTY>
        <ORDERPRECLOSUREQTY/>
        <ORIGACTUALQTY/>
        <ORIGBILLEDQTY/>
        <BATCHPHYSDIFF/>
        <ORIGRATE/>
        <REVISEDRATE/>
        <ESCALATIONRATE/>
        <INCLVATRATE/>
        <BATCHRATE TYPE="Rate">115.87/sqft</BATCHRATE>
        <EXPIRYPERIOD/>
        <INDENTDUEDATE/>
        <ORDERDUEDATE/>
        <ADDITIONALDETAILS.LIST>        </ADDITIONALDETAILS.LIST>
        <VOUCHERCOMPONENTLIST.LIST>        </VOUCHERCOMPONENTLIST.LIST>
       </BATCHALLOCATIONS.LIST>
       <DUTYHEADDETAILS.LIST>       </DUTYHEADDETAILS.LIST>
       <RATEDETAILS.LIST>
        <GSTRATEDUTYHEAD>CGST</GSTRATEDUTYHEAD>
        <GSTRATEVALUATIONTYPE>Based on Value</GSTRATEVALUATIONTYPE>
        <GSTRATE> 9</GSTRATE>
        <GSTRATEPERUNIT>0</GSTRATEPERUNIT>
       </RATEDETAILS.LIST>
       <RATEDETAILS.LIST>
        <GSTRATEDUTYHEAD>SGST/UTGST</GSTRATEDUTYHEAD>
        <GSTRATEVALUATIONTYPE>Based on Value</GSTRATEVALUATIONTYPE>
        <GSTRATE> 9</GSTRATE>
        <GSTRATEPERUNIT>0</GSTRATEPERUNIT>
       </RATEDETAILS.LIST>
       <RATEDETAILS.LIST>
        <GSTRATEDUTYHEAD>IGST</GSTRATEDUTYHEAD>
        <GSTRATEVALUATIONTYPE>Based on Value</GSTRATEVALUATIONTYPE>
        <GSTRATE> 18</GSTRATE>
        <GSTRATEPERUNIT>0</GSTRATEPERUNIT>
       </RATEDETAILS.LIST>
       <RATEDETAILS.LIST>
        <GSTRATEDUTYHEAD>Cess</GSTRATEDUTYHEAD>
        <GSTRATEVALUATIONTYPE>&#4; Not Applicable</GSTRATEVALUATIONTYPE>
        <GSTRATE>0</GSTRATE>
        <GSTRATEPERUNIT>0</GSTRATEPERUNIT>
       </RATEDETAILS.LIST>
       <RATEDETAILS.LIST>
        <GSTRATEDUTYHEAD>State Cess</GSTRATEDUTYHEAD>
        <GSTRATEVALUATIONTYPE>Based on Value</GSTRATEVALUATIONTYPE>
        <GSTRATE>0</GSTRATE>
        <GSTRATEPERUNIT>0</GSTRATEPERUNIT>
       </RATEDETAILS.LIST>
       <SUPPLEMENTARYDUTYHEADDETAILS.LIST>       </SUPPLEMENTARYDUTYHEADDETAILS.LIST>
       <TAXOBJECTALLOCATIONS.LIST>       </TAXOBJECTALLOCATIONS.LIST>
       <COSTTRACKALLOCATIONS.LIST>       </COSTTRACKALLOCATIONS.LIST>
       <REFVOUCHERDETAILS.LIST>       </REFVOUCHERDETAILS.LIST>
       <EXCISEALLOCATIONS.LIST>       </EXCISEALLOCATIONS.LIST>
       <EXPENSEALLOCATIONS.LIST>       </EXPENSEALLOCATIONS.LIST>
      </INVENTORYALLOCATIONS.LIST>
      <INVENTORYALLOCATIONS.LIST>
       <BASICUSERDESCRIPTION.LIST TYPE="String">
        <BASICUSERDESCRIPTION>Gp Is 5509</BASICUSERDESCRIPTION>
       </BASICUSERDESCRIPTION.LIST>
       <ORIGINVOICEDATE/>
       <ORIGSALESINVDATE/>
       <DESCRIPTION/>
       <STOCKITEMNAME>Plywood 2.44 x 1.22 12 mm</STOCKITEMNAME>
       <STATNATURENAME/>
       <EXCISECLASSIFICATIONNAME/>
       <ISZRBASICSERVICE/>
       <STRDGSTDERIVEDLOCATIONTYPE/>
       <STRDGSTDERIVEDTAXABILITY/>
       <STRDGSTDERIVEDNATURETYPE/>
       <STRDGSTDERIVEDSUPPLYTYPE/>
       <GSTOVRDNCLASSIFICATION/>
       <GSTOVRDNNATURE/>
       <GSTOVRDNINELIGIBLEITC/>
       <GSTOVRDNISREVCHARGEAPPL>&#4; Not Applicable</GSTOVRDNISREVCHARGEAPPL>
       <GSTOVRDNTAXABILITY>Taxable</GSTOVRDNTAXABILITY>
       <GSTSOURCETYPE>Stock Item</GSTSOURCETYPE>
       <GSTITEMSOURCE>Plywood 2.44 x 1.22 12 mm</GSTITEMSOURCE>
       <GSTLEDGERSOURCE/>
       <GSTGROUPSOURCE/>
       <GSTSTOCKGROUPSOURCE/>
       <HSNSOURCETYPE>Stock Item</HSNSOURCETYPE>
       <HSNITEMSOURCE>Plywood 2.44 x 1.22 12 mm</HSNITEMSOURCE>
       <HSNLEDGERSOURCE/>
       <HSNGROUPSOURCE/>
       <HSNSTOCKGROUPSOURCE/>
       <GSTOVRDNSTOREDNATURE>&#4; System Inferred</GSTOVRDNSTOREDNATURE>
       <GSTOVRDNTYPEOFSUPPLY>Goods</GSTOVRDNTYPEOFSUPPLY>
       <GSTRATEINFERAPPLICABILITY>As per Masters/Company</GSTRATEINFERAPPLICABILITY>
       <GSTOVRDNNATUREOFGOODS/>
       <GSTHSNNAME>44123190</GSTHSNNAME>
       <GSTHSNDESCRIPTION/>
       <GSTHSNINFERAPPLICABILITY>As per Masters/Company</GSTHSNINFERAPPLICABILITY>
       <HSNOVRDNCLASSIFICATION/>
       <STRDGSTFINALNATUREOFENTRY/>
       <GSTDEPGSTCLASSIFICATION/>
       <GSTDEPHSNCLASSIFICATION/>
       <EXCISETARIFF/>
       <EXCISEEXEMPTION/>
       <TRADERCNSALESNUMBER/>
       <BASICPACKAGEMARKS/>
       <BASICNUMPACKAGES/>
       <SDTAXCLASSIFICATIONNAME/>
       <NATUREOFCOMPONENT/>
       <COMPONENTLISTTYPE/>
       <DISPLAYNATUREOFCOMPONENT/>
       <BOMNAME/>
       <ORIGINVOICENUMBER/>
       <ORIGINVOICEBOOKNAME/>
       <ORIGSALESINVNO/>
       <EXCISERETURNINVOICENO/>
       <REASONOFREJECTION/>
       <EXCISECREDITPARTY/>
       <EXCISECREDITSTKITEM/>
       <EXCISECREDITCATEGORY/>
       <TRADERSUPPLIERINVOICENO/>
       <EXCISESALESINVOICENO/>
       <GSTITEMUQC/>
       <GSTITEMUQCUOM/>
       <ADDLAMOUNT/>
       <ISDEEMEDPOSITIVE>No</ISDEEMEDPOSITIVE>
       <ISGSTASSESSABLEVALUEOVERRIDDEN/>
       <STRDISGSTAPPLICABLE/>
       <CONTENTNEGISPOS/>
       <ISLASTDEEMEDPOSITIVE>No</ISLASTDEEMEDPOSITIVE>
       <ISAUTONEGATE>No</ISAUTONEGATE>
       <ISCUSTOMSCLEARANCE/>
       <ISTRACKCOMPONENT/>
       <ISTRACKPRODUCTION/>
       <ISPRIMARYITEM/>
       <ISSCRAP>No</ISSCRAP>
       <RATE>80.81/sqft</RATE>
       <DISCOUNT>0</DISCOUNT>
       <VATTAXRATE>0</VATTAXRATE>
       <ORIGINVGOODSQTY>0</ORIGINVGOODSQTY>
       <EXCISEMRPABATEMENT>0</EXCISEMRPABATEMENT>
       <ADDLCOSTPERC>0</ADDLCOSTPERC>
       <REVISEDRATEOFDUTY>0</REVISEDRATEOFDUTY>
       <ORIGRATEOFDUTY>0</ORIGRATEOFDUTY>
       <ORIGMRPABATEMENT>0</ORIGMRPABATEMENT>
       <EXCISERETURNDUTYRATE>0</EXCISERETURNDUTYRATE>
       <GVATEXCISERATE>0</GVATEXCISERATE>
       <AMOUNT>12929.60</AMOUNT>
       <EXCISEASSESSABLEVALUE/>
       <CESSASSVALONCLASS/>
       <EIDISCOUNTAMT/>
       <VATASSESSABLEVALUE/>
       <VATWCDEDUCTAMT/>
       <WCTOTALDEDUCTIONAMT/>
       <ORIGINVGOODSVALUE/>
       <GSTOVRDNASSESSABLEVALUE/>
       <GSTASSBLVALUE/>
       <STRDCOMPUTEDASSESSABLEVALUE/>
       <STRDCOMPUTEDIGST/>
       <STRDCOMPUTEDCGST/>
       <STRDCOMPUTEDSGST/>
       <STRDCOMPUTEDCESS/>
       <STRDCOMPUTEDCESSONQTY/>
       <ORIGINVGOODSTAXVALUE/>
       <VATASSBLVALUE/>
       <VATACCEPTEDTAXAMT/>
       <VATACCEPTEDADDLTAXAMT/>
       <STRDAPPRSTATECESSGST/>
       <STRDAPPROPRIATEDDISCOUNT/>
       <STRDEXCISETAX/>
       <VATINPUTTAXCREDIT/>
       <VATELIGIBLECREDIT/>
       <GVATEXCISEAMT/>
       <ACTUALQTY> 5.00 nos =  160.0000 sqft</ACTUALQTY>
       <BILLEDQTY> 5.00 nos =  160.0000 sqft</BILLEDQTY>
       <ORIGACTUALQTY/>
       <ORIGBILLEDQTY/>
       <EXCISERETURNINVOICEQTY/>
       <USABLEQTY/>
       <EXCISECREDITPENDINGQTY/>
       <MRPRATE/>
       <EXCISEMRPRATE/>
       <ORIGRATE/>
       <REVISEDRATE/>
       <ESCALATIONRATE/>
       <ORIGMRPRATE/>
       <ORIGRATEOFQTY/>
       <REVISEDRATEOFQTY/>
       <INCLVATRATE/>
       <BATCHALLOCATIONS.LIST>
        <MFDON/>
        <ORDERYEAREND/>
        <TRACKINGYEAREND/>
        <ORDERPRECLOSUREDATE/>
        <NARRATION/>
        <GODOWNNAME>Main Location</GODOWNNAME>
        <BATCHNAME>Primary Batch</BATCHNAME>
        <DESTINATIONGODOWNNAME/>
        <INDENTNO>&#4; Not Applicable</INDENTNO>
        <ORDERTYPE/>
        <PARENTITEM/>
        <ORDERCLOSUREREASON/>
        <ORDERNO>&#4; Not Applicable</ORDERNO>
        <TRACKINGNUMBER>13010</TRACKINGNUMBER>
        <DYNAMICCSTNO/>
        <DYNAMICCSTPARENTITEM/>
        <SUMDYNAMICCSTNO/>
        <SUMBATCHNAME/>
        <SUMTRACKINGNUMBER/>
        <SUMORDERNO/>
        <SUMINDENTNO/>
        <ADDLAMOUNT/>
        <DYNAMICCSTISCLEARED>No</DYNAMICCSTISCLEARED>
        <TRACKID TYPE="Number"> 47370</TRACKID>
        <BATCHID TYPE="Number"> 24077</BATCHID>
        <BATCHDISCOUNT TYPE="Number">0</BATCHDISCOUNT>
        <AMOUNT>12929.60</AMOUNT>
        <ADDLEXPENSEAMOUNT/>
        <BATCHDIFFVAL/>
        <ACTUALQTY> 5.00 nos =  160.0000 sqft</ACTUALQTY>
        <BILLEDQTY> 5.00 nos =  160.0000 sqft</BILLEDQTY>
        <ORDERPRECLOSUREQTY/>
        <ORIGACTUALQTY/>
        <ORIGBILLEDQTY/>
        <BATCHPHYSDIFF/>
        <ORIGRATE/>
        <REVISEDRATE/>
        <ESCALATIONRATE/>
        <INCLVATRATE/>
        <BATCHRATE TYPE="Rate">80.81/sqft</BATCHRATE>
        <EXPIRYPERIOD/>
        <INDENTDUEDATE/>
        <ORDERDUEDATE/>
        <ADDITIONALDETAILS.LIST>        </ADDITIONALDETAILS.LIST>
        <VOUCHERCOMPONENTLIST.LIST>        </VOUCHERCOMPONENTLIST.LIST>
       </BATCHALLOCATIONS.LIST>
       <DUTYHEADDETAILS.LIST>       </DUTYHEADDETAILS.LIST>
       <RATEDETAILS.LIST>
        <GSTRATEDUTYHEAD>CGST</GSTRATEDUTYHEAD>
        <GSTRATEVALUATIONTYPE>Based on Value</GSTRATEVALUATIONTYPE>
        <GSTRATE> 9</GSTRATE>
        <GSTRATEPERUNIT>0</GSTRATEPERUNIT>
       </RATEDETAILS.LIST>
       <RATEDETAILS.LIST>
        <GSTRATEDUTYHEAD>SGST/UTGST</GSTRATEDUTYHEAD>
        <GSTRATEVALUATIONTYPE>Based on Value</GSTRATEVALUATIONTYPE>
        <GSTRATE> 9</GSTRATE>
        <GSTRATEPERUNIT>0</GSTRATEPERUNIT>
       </RATEDETAILS.LIST>
       <RATEDETAILS.LIST>
        <GSTRATEDUTYHEAD>IGST</GSTRATEDUTYHEAD>
        <GSTRATEVALUATIONTYPE>Based on Value</GSTRATEVALUATIONTYPE>
        <GSTRATE> 18</GSTRATE>
        <GSTRATEPERUNIT>0</GSTRATEPERUNIT>
       </RATEDETAILS.LIST>
       <RATEDETAILS.LIST>
        <GSTRATEDUTYHEAD>Cess</GSTRATEDUTYHEAD>
        <GSTRATEVALUATIONTYPE>&#4; Not Applicable</GSTRATEVALUATIONTYPE>
        <GSTRATE>0</GSTRATE>
        <GSTRATEPERUNIT>0</GSTRATEPERUNIT>
       </RATEDETAILS.LIST>
       <RATEDETAILS.LIST>
        <GSTRATEDUTYHEAD>State Cess</GSTRATEDUTYHEAD>
        <GSTRATEVALUATIONTYPE>Based on Value</GSTRATEVALUATIONTYPE>
        <GSTRATE>0</GSTRATE>
        <GSTRATEPERUNIT>0</GSTRATEPERUNIT>
       </RATEDETAILS.LIST>
       <SUPPLEMENTARYDUTYHEADDETAILS.LIST>       </SUPPLEMENTARYDUTYHEADDETAILS.LIST>
       <TAXOBJECTALLOCATIONS.LIST>       </TAXOBJECTALLOCATIONS.LIST>
       <COSTTRACKALLOCATIONS.LIST>       </COSTTRACKALLOCATIONS.LIST>
       <REFVOUCHERDETAILS.LIST>       </REFVOUCHERDETAILS.LIST>
       <EXCISEALLOCATIONS.LIST>       </EXCISEALLOCATIONS.LIST>
       <EXPENSEALLOCATIONS.LIST>       </EXPENSEALLOCATIONS.LIST>
      </INVENTORYALLOCATIONS.LIST>
      <INVENTORYALLOCATIONS.LIST>
       <BASICUSERDESCRIPTION.LIST TYPE="String">
        <BASICUSERDESCRIPTION>Gp Is 5509</BASICUSERDESCRIPTION>
       </BASICUSERDESCRIPTION.LIST>
       <ORIGINVOICEDATE/>
       <ORIGSALESINVDATE/>
       <DESCRIPTION/>
       <STOCKITEMNAME>Plywood  2.44 x 1.22  8mm</STOCKITEMNAME>
       <STATNATURENAME/>
       <EXCISECLASSIFICATIONNAME/>
       <ISZRBASICSERVICE/>
       <STRDGSTDERIVEDLOCATIONTYPE/>
       <STRDGSTDERIVEDTAXABILITY/>
       <STRDGSTDERIVEDNATURETYPE/>
       <STRDGSTDERIVEDSUPPLYTYPE/>
       <GSTOVRDNCLASSIFICATION/>
       <GSTOVRDNNATURE/>
       <GSTOVRDNINELIGIBLEITC/>
       <GSTOVRDNISREVCHARGEAPPL>&#4; Not Applicable</GSTOVRDNISREVCHARGEAPPL>
       <GSTOVRDNTAXABILITY>Taxable</GSTOVRDNTAXABILITY>
       <GSTSOURCETYPE>Stock Item</GSTSOURCETYPE>
       <GSTITEMSOURCE>Plywood  2.44 x 1.22  8mm</GSTITEMSOURCE>
       <GSTLEDGERSOURCE/>
       <GSTGROUPSOURCE/>
       <GSTSTOCKGROUPSOURCE/>
       <HSNSOURCETYPE>Stock Item</HSNSOURCETYPE>
       <HSNITEMSOURCE>Plywood  2.44 x 1.22  8mm</HSNITEMSOURCE>
       <HSNLEDGERSOURCE/>
       <HSNGROUPSOURCE/>
       <HSNSTOCKGROUPSOURCE/>
       <GSTOVRDNSTOREDNATURE>&#4; System Inferred</GSTOVRDNSTOREDNATURE>
       <GSTOVRDNTYPEOFSUPPLY>Goods</GSTOVRDNTYPEOFSUPPLY>
       <GSTRATEINFERAPPLICABILITY>As per Masters/Company</GSTRATEINFERAPPLICABILITY>
       <GSTOVRDNNATUREOFGOODS/>
       <GSTHSNNAME>44123190</GSTHSNNAME>
       <GSTHSNDESCRIPTION/>
       <GSTHSNINFERAPPLICABILITY>As per Masters/Company</GSTHSNINFERAPPLICABILITY>
       <HSNOVRDNCLASSIFICATION/>
       <STRDGSTFINALNATUREOFENTRY/>
       <GSTDEPGSTCLASSIFICATION/>
       <GSTDEPHSNCLASSIFICATION/>
       <EXCISETARIFF/>
       <EXCISEEXEMPTION/>
       <TRADERCNSALESNUMBER/>
       <BASICPACKAGEMARKS/>
       <BASICNUMPACKAGES/>
       <SDTAXCLASSIFICATIONNAME/>
       <NATUREOFCOMPONENT/>
       <COMPONENTLISTTYPE/>
       <DISPLAYNATUREOFCOMPONENT/>
       <BOMNAME/>
       <ORIGINVOICENUMBER/>
       <ORIGINVOICEBOOKNAME/>
       <ORIGSALESINVNO/>
       <EXCISERETURNINVOICENO/>
       <REASONOFREJECTION/>
       <EXCISECREDITPARTY/>
       <EXCISECREDITSTKITEM/>
       <EXCISECREDITCATEGORY/>
       <TRADERSUPPLIERINVOICENO/>
       <EXCISESALESINVOICENO/>
       <GSTITEMUQC/>
       <GSTITEMUQCUOM/>
       <ADDLAMOUNT/>
       <ISDEEMEDPOSITIVE>No</ISDEEMEDPOSITIVE>
       <ISGSTASSESSABLEVALUEOVERRIDDEN/>
       <STRDISGSTAPPLICABLE/>
       <CONTENTNEGISPOS/>
       <ISLASTDEEMEDPOSITIVE>No</ISLASTDEEMEDPOSITIVE>
       <ISAUTONEGATE>No</ISAUTONEGATE>
       <ISCUSTOMSCLEARANCE/>
       <ISTRACKCOMPONENT/>
       <ISTRACKPRODUCTION/>
       <ISPRIMARYITEM/>
       <ISSCRAP>No</ISSCRAP>
       <RATE>66.00/sqft</RATE>
       <DISCOUNT>0</DISCOUNT>
       <VATTAXRATE>0</VATTAXRATE>
       <ORIGINVGOODSQTY>0</ORIGINVGOODSQTY>
       <EXCISEMRPABATEMENT>0</EXCISEMRPABATEMENT>
       <ADDLCOSTPERC>0</ADDLCOSTPERC>
       <REVISEDRATEOFDUTY>0</REVISEDRATEOFDUTY>
       <ORIGRATEOFDUTY>0</ORIGRATEOFDUTY>
       <ORIGMRPABATEMENT>0</ORIGMRPABATEMENT>
       <EXCISERETURNDUTYRATE>0</EXCISERETURNDUTYRATE>
       <GVATEXCISERATE>0</GVATEXCISERATE>
       <AMOUNT>6336.00</AMOUNT>
       <EXCISEASSESSABLEVALUE/>
       <CESSASSVALONCLASS/>
       <EIDISCOUNTAMT/>
       <VATASSESSABLEVALUE/>
       <VATWCDEDUCTAMT/>
       <WCTOTALDEDUCTIONAMT/>
       <ORIGINVGOODSVALUE/>
       <GSTOVRDNASSESSABLEVALUE/>
       <GSTASSBLVALUE/>
       <STRDCOMPUTEDASSESSABLEVALUE/>
       <STRDCOMPUTEDIGST/>
       <STRDCOMPUTEDCGST/>
       <STRDCOMPUTEDSGST/>
       <STRDCOMPUTEDCESS/>
       <STRDCOMPUTEDCESSONQTY/>
       <ORIGINVGOODSTAXVALUE/>
       <VATASSBLVALUE/>
       <VATACCEPTEDTAXAMT/>
       <VATACCEPTEDADDLTAXAMT/>
       <STRDAPPRSTATECESSGST/>
       <STRDAPPROPRIATEDDISCOUNT/>
       <STRDEXCISETAX/>
       <VATINPUTTAXCREDIT/>
       <VATELIGIBLECREDIT/>
       <GVATEXCISEAMT/>
       <ACTUALQTY> 3.00 nos =  96.0000 sqft</ACTUALQTY>
       <BILLEDQTY> 3.00 nos =  96.0000 sqft</BILLEDQTY>
       <ORIGACTUALQTY/>
       <ORIGBILLEDQTY/>
       <EXCISERETURNINVOICEQTY/>
       <USABLEQTY/>
       <EXCISECREDITPENDINGQTY/>
       <MRPRATE/>
       <EXCISEMRPRATE/>
       <ORIGRATE/>
       <REVISEDRATE/>
       <ESCALATIONRATE/>
       <ORIGMRPRATE/>
       <ORIGRATEOFQTY/>
       <REVISEDRATEOFQTY/>
       <INCLVATRATE/>
       <BATCHALLOCATIONS.LIST>
        <MFDON/>
        <ORDERYEAREND/>
        <TRACKINGYEAREND/>
        <ORDERPRECLOSUREDATE/>
        <NARRATION/>
        <GODOWNNAME>Main Location</GODOWNNAME>
        <BATCHNAME>Primary Batch</BATCHNAME>
        <DESTINATIONGODOWNNAME/>
        <INDENTNO>&#4; Not Applicable</INDENTNO>
        <ORDERTYPE/>
        <PARENTITEM/>
        <ORDERCLOSUREREASON/>
        <ORDERNO>&#4; Not Applicable</ORDERNO>
        <TRACKINGNUMBER>13010</TRACKINGNUMBER>
        <DYNAMICCSTNO/>
        <DYNAMICCSTPARENTITEM/>
        <SUMDYNAMICCSTNO/>
        <SUMBATCHNAME/>
        <SUMTRACKINGNUMBER/>
        <SUMORDERNO/>
        <SUMINDENTNO/>
        <ADDLAMOUNT/>
        <DYNAMICCSTISCLEARED>No</DYNAMICCSTISCLEARED>
        <TRACKID TYPE="Number"> 47371</TRACKID>
        <BATCHID TYPE="Number"> 24309</BATCHID>
        <BATCHDISCOUNT TYPE="Number">0</BATCHDISCOUNT>
        <AMOUNT>6336.00</AMOUNT>
        <ADDLEXPENSEAMOUNT/>
        <BATCHDIFFVAL/>
        <ACTUALQTY> 3.00 nos =  96.0000 sqft</ACTUALQTY>
        <BILLEDQTY> 3.00 nos =  96.0000 sqft</BILLEDQTY>
        <ORDERPRECLOSUREQTY/>
        <ORIGACTUALQTY/>
        <ORIGBILLEDQTY/>
        <BATCHPHYSDIFF/>
        <ORIGRATE/>
        <REVISEDRATE/>
        <ESCALATIONRATE/>
        <INCLVATRATE/>
        <BATCHRATE TYPE="Rate">66.00/sqft</BATCHRATE>
        <EXPIRYPERIOD/>
        <INDENTDUEDATE/>
        <ORDERDUEDATE/>
        <ADDITIONALDETAILS.LIST>        </ADDITIONALDETAILS.LIST>
        <VOUCHERCOMPONENTLIST.LIST>        </VOUCHERCOMPONENTLIST.LIST>
       </BATCHALLOCATIONS.LIST>
       <DUTYHEADDETAILS.LIST>       </DUTYHEADDETAILS.LIST>
       <RATEDETAILS.LIST>
        <GSTRATEDUTYHEAD>CGST</GSTRATEDUTYHEAD>
        <GSTRATEVALUATIONTYPE>Based on Value</GSTRATEVALUATIONTYPE>
        <GSTRATE> 9</GSTRATE>
        <GSTRATEPERUNIT>0</GSTRATEPERUNIT>
       </RATEDETAILS.LIST>
       <RATEDETAILS.LIST>
        <GSTRATEDUTYHEAD>SGST/UTGST</GSTRATEDUTYHEAD>
        <GSTRATEVALUATIONTYPE>Based on Value</GSTRATEVALUATIONTYPE>
        <GSTRATE> 9</GSTRATE>
        <GSTRATEPERUNIT>0</GSTRATEPERUNIT>
       </RATEDETAILS.LIST>
       <RATEDETAILS.LIST>
        <GSTRATEDUTYHEAD>IGST</GSTRATEDUTYHEAD>
        <GSTRATEVALUATIONTYPE>Based on Value</GSTRATEVALUATIONTYPE>
        <GSTRATE> 18</GSTRATE>
        <GSTRATEPERUNIT>0</GSTRATEPERUNIT>
       </RATEDETAILS.LIST>
       <RATEDETAILS.LIST>
        <GSTRATEDUTYHEAD>Cess</GSTRATEDUTYHEAD>
        <GSTRATEVALUATIONTYPE>&#4; Not Applicable</GSTRATEVALUATIONTYPE>
        <GSTRATE>0</GSTRATE>
        <GSTRATEPERUNIT>0</GSTRATEPERUNIT>
       </RATEDETAILS.LIST>
       <RATEDETAILS.LIST>
        <GSTRATEDUTYHEAD>State Cess</GSTRATEDUTYHEAD>
        <GSTRATEVALUATIONTYPE>Based on Value</GSTRATEVALUATIONTYPE>
        <GSTRATE>0</GSTRATE>
        <GSTRATEPERUNIT>0</GSTRATEPERUNIT>
       </RATEDETAILS.LIST>
       <SUPPLEMENTARYDUTYHEADDETAILS.LIST>       </SUPPLEMENTARYDUTYHEADDETAILS.LIST>
       <TAXOBJECTALLOCATIONS.LIST>       </TAXOBJECTALLOCATIONS.LIST>
       <COSTTRACKALLOCATIONS.LIST>       </COSTTRACKALLOCATIONS.LIST>
       <REFVOUCHERDETAILS.LIST>       </REFVOUCHERDETAILS.LIST>
       <EXCISEALLOCATIONS.LIST>       </EXCISEALLOCATIONS.LIST>
       <EXPENSEALLOCATIONS.LIST>       </EXPENSEALLOCATIONS.LIST>
      </INVENTORYALLOCATIONS.LIST>
      <INVENTORYALLOCATIONS.LIST>
       <ORIGINVOICEDATE/>
       <ORIGSALESINVDATE/>
       <DESCRIPTION/>
       <STOCKITEMNAME>Telescopy Channel  24&quot;</STOCKITEMNAME>
       <STATNATURENAME/>
       <EXCISECLASSIFICATIONNAME/>
       <ISZRBASICSERVICE/>
       <STRDGSTDERIVEDLOCATIONTYPE/>
       <STRDGSTDERIVEDTAXABILITY/>
       <STRDGSTDERIVEDNATURETYPE/>
       <STRDGSTDERIVEDSUPPLYTYPE/>
       <GSTOVRDNCLASSIFICATION/>
       <GSTOVRDNNATURE/>
       <GSTOVRDNINELIGIBLEITC/>
       <GSTOVRDNISREVCHARGEAPPL>&#4; Not Applicable</GSTOVRDNISREVCHARGEAPPL>
       <GSTOVRDNTAXABILITY>Taxable</GSTOVRDNTAXABILITY>
       <GSTSOURCETYPE>Stock Item</GSTSOURCETYPE>
       <GSTITEMSOURCE>Telescopy Channel  24&quot;</GSTITEMSOURCE>
       <GSTLEDGERSOURCE/>
       <GSTGROUPSOURCE/>
       <GSTSTOCKGROUPSOURCE/>
       <HSNSOURCETYPE>Stock Item</HSNSOURCETYPE>
       <HSNITEMSOURCE>Telescopy Channel  24&quot;</HSNITEMSOURCE>
       <HSNLEDGERSOURCE/>
       <HSNGROUPSOURCE/>
       <HSNSTOCKGROUPSOURCE/>
       <GSTOVRDNSTOREDNATURE>&#4; System Inferred</GSTOVRDNSTOREDNATURE>
       <GSTOVRDNTYPEOFSUPPLY>Goods</GSTOVRDNTYPEOFSUPPLY>
       <GSTRATEINFERAPPLICABILITY>As per Masters/Company</GSTRATEINFERAPPLICABILITY>
       <GSTOVRDNNATUREOFGOODS/>
       <GSTHSNNAME>83024200</GSTHSNNAME>
       <GSTHSNDESCRIPTION>Hinges</GSTHSNDESCRIPTION>
       <GSTHSNINFERAPPLICABILITY>As per Masters/Company</GSTHSNINFERAPPLICABILITY>
       <HSNOVRDNCLASSIFICATION/>
       <STRDGSTFINALNATUREOFENTRY/>
       <GSTDEPGSTCLASSIFICATION/>
       <GSTDEPHSNCLASSIFICATION/>
       <EXCISETARIFF/>
       <EXCISEEXEMPTION/>
       <TRADERCNSALESNUMBER/>
       <BASICPACKAGEMARKS/>
       <BASICNUMPACKAGES/>
       <SDTAXCLASSIFICATIONNAME/>
       <NATUREOFCOMPONENT/>
       <COMPONENTLISTTYPE/>
       <DISPLAYNATUREOFCOMPONENT/>
       <BOMNAME/>
       <ORIGINVOICENUMBER/>
       <ORIGINVOICEBOOKNAME/>
       <ORIGSALESINVNO/>
       <EXCISERETURNINVOICENO/>
       <REASONOFREJECTION/>
       <EXCISECREDITPARTY/>
       <EXCISECREDITSTKITEM/>
       <EXCISECREDITCATEGORY/>
       <TRADERSUPPLIERINVOICENO/>
       <EXCISESALESINVOICENO/>
       <GSTITEMUQC/>
       <GSTITEMUQCUOM/>
       <ADDLAMOUNT/>
       <ISDEEMEDPOSITIVE>No</ISDEEMEDPOSITIVE>
       <ISGSTASSESSABLEVALUEOVERRIDDEN/>
       <STRDISGSTAPPLICABLE/>
       <CONTENTNEGISPOS/>
       <ISLASTDEEMEDPOSITIVE>No</ISLASTDEEMEDPOSITIVE>
       <ISAUTONEGATE>No</ISAUTONEGATE>
       <ISCUSTOMSCLEARANCE/>
       <ISTRACKCOMPONENT/>
       <ISTRACKPRODUCTION/>
       <ISPRIMARYITEM/>
       <ISSCRAP>No</ISSCRAP>
       <RATE>960.00/Set</RATE>
       <DISCOUNT>0</DISCOUNT>
       <VATTAXRATE>0</VATTAXRATE>
       <ORIGINVGOODSQTY>0</ORIGINVGOODSQTY>
       <EXCISEMRPABATEMENT>0</EXCISEMRPABATEMENT>
       <ADDLCOSTPERC>0</ADDLCOSTPERC>
       <REVISEDRATEOFDUTY>0</REVISEDRATEOFDUTY>
       <ORIGRATEOFDUTY>0</ORIGRATEOFDUTY>
       <ORIGMRPABATEMENT>0</ORIGMRPABATEMENT>
       <EXCISERETURNDUTYRATE>0</EXCISERETURNDUTYRATE>
       <GVATEXCISERATE>0</GVATEXCISERATE>
       <AMOUNT>2880.00</AMOUNT>
       <EXCISEASSESSABLEVALUE/>
       <CESSASSVALONCLASS/>
       <EIDISCOUNTAMT/>
       <VATASSESSABLEVALUE/>
       <VATWCDEDUCTAMT/>
       <WCTOTALDEDUCTIONAMT/>
       <ORIGINVGOODSVALUE/>
       <GSTOVRDNASSESSABLEVALUE/>
       <GSTASSBLVALUE/>
       <STRDCOMPUTEDASSESSABLEVALUE/>
       <STRDCOMPUTEDIGST/>
       <STRDCOMPUTEDCGST/>
       <STRDCOMPUTEDSGST/>
       <STRDCOMPUTEDCESS/>
       <STRDCOMPUTEDCESSONQTY/>
       <ORIGINVGOODSTAXVALUE/>
       <VATASSBLVALUE/>
       <VATACCEPTEDTAXAMT/>
       <VATACCEPTEDADDLTAXAMT/>
       <STRDAPPRSTATECESSGST/>
       <STRDAPPROPRIATEDDISCOUNT/>
       <STRDEXCISETAX/>
       <VATINPUTTAXCREDIT/>
       <VATELIGIBLECREDIT/>
       <GVATEXCISEAMT/>
       <ACTUALQTY> 3.00 Set</ACTUALQTY>
       <BILLEDQTY> 3.00 Set</BILLEDQTY>
       <ORIGACTUALQTY/>
       <ORIGBILLEDQTY/>
       <EXCISERETURNINVOICEQTY/>
       <USABLEQTY/>
       <EXCISECREDITPENDINGQTY/>
       <MRPRATE/>
       <EXCISEMRPRATE/>
       <ORIGRATE/>
       <REVISEDRATE/>
       <ESCALATIONRATE/>
       <ORIGMRPRATE/>
       <ORIGRATEOFQTY/>
       <REVISEDRATEOFQTY/>
       <INCLVATRATE/>
       <BATCHALLOCATIONS.LIST>
        <MFDON/>
        <ORDERYEAREND/>
        <TRACKINGYEAREND/>
        <ORDERPRECLOSUREDATE/>
        <NARRATION/>
        <GODOWNNAME>Main Location</GODOWNNAME>
        <BATCHNAME>Primary Batch</BATCHNAME>
        <DESTINATIONGODOWNNAME/>
        <INDENTNO>&#4; Not Applicable</INDENTNO>
        <ORDERTYPE/>
        <PARENTITEM/>
        <ORDERCLOSUREREASON/>
        <ORDERNO>&#4; Not Applicable</ORDERNO>
        <TRACKINGNUMBER>13010</TRACKINGNUMBER>
        <DYNAMICCSTNO/>
        <DYNAMICCSTPARENTITEM/>
        <SUMDYNAMICCSTNO/>
        <SUMBATCHNAME/>
        <SUMTRACKINGNUMBER/>
        <SUMORDERNO/>
        <SUMINDENTNO/>
        <ADDLAMOUNT/>
        <DYNAMICCSTISCLEARED>No</DYNAMICCSTISCLEARED>
        <TRACKID TYPE="Number"> 47372</TRACKID>
        <BATCHID TYPE="Number"> 24237</BATCHID>
        <BATCHDISCOUNT TYPE="Number">0</BATCHDISCOUNT>
        <AMOUNT>2880.00</AMOUNT>
        <ADDLEXPENSEAMOUNT/>
        <BATCHDIFFVAL/>
        <ACTUALQTY> 3.00 Set</ACTUALQTY>
        <BILLEDQTY> 3.00 Set</BILLEDQTY>
        <ORDERPRECLOSUREQTY/>
        <ORIGACTUALQTY/>
        <ORIGBILLEDQTY/>
        <BATCHPHYSDIFF/>
        <ORIGRATE/>
        <REVISEDRATE/>
        <ESCALATIONRATE/>
        <INCLVATRATE/>
        <BATCHRATE TYPE="Rate">960.00/Set</BATCHRATE>
        <EXPIRYPERIOD/>
        <INDENTDUEDATE/>
        <ORDERDUEDATE/>
        <ADDITIONALDETAILS.LIST>        </ADDITIONALDETAILS.LIST>
        <VOUCHERCOMPONENTLIST.LIST>        </VOUCHERCOMPONENTLIST.LIST>
       </BATCHALLOCATIONS.LIST>
       <DUTYHEADDETAILS.LIST>       </DUTYHEADDETAILS.LIST>
       <RATEDETAILS.LIST>
        <GSTRATEDUTYHEAD>CGST</GSTRATEDUTYHEAD>
        <GSTRATEVALUATIONTYPE>Based on Value</GSTRATEVALUATIONTYPE>
        <GSTRATE> 9</GSTRATE>
        <GSTRATEPERUNIT>0</GSTRATEPERUNIT>
       </RATEDETAILS.LIST>
       <RATEDETAILS.LIST>
        <GSTRATEDUTYHEAD>SGST/UTGST</GSTRATEDUTYHEAD>
        <GSTRATEVALUATIONTYPE>Based on Value</GSTRATEVALUATIONTYPE>
        <GSTRATE> 9</GSTRATE>
        <GSTRATEPERUNIT>0</GSTRATEPERUNIT>
       </RATEDETAILS.LIST>
       <RATEDETAILS.LIST>
        <GSTRATEDUTYHEAD>IGST</GSTRATEDUTYHEAD>
        <GSTRATEVALUATIONTYPE>Based on Value</GSTRATEVALUATIONTYPE>
        <GSTRATE> 18</GSTRATE>
        <GSTRATEPERUNIT>0</GSTRATEPERUNIT>
       </RATEDETAILS.LIST>
       <RATEDETAILS.LIST>
        <GSTRATEDUTYHEAD>Cess</GSTRATEDUTYHEAD>
        <GSTRATEVALUATIONTYPE>&#4; Not Applicable</GSTRATEVALUATIONTYPE>
        <GSTRATE>0</GSTRATE>
        <GSTRATEPERUNIT>0</GSTRATEPERUNIT>
       </RATEDETAILS.LIST>
       <RATEDETAILS.LIST>
        <GSTRATEDUTYHEAD>State Cess</GSTRATEDUTYHEAD>
        <GSTRATEVALUATIONTYPE>Based on Value</GSTRATEVALUATIONTYPE>
        <GSTRATE>0</GSTRATE>
        <GSTRATEPERUNIT>0</GSTRATEPERUNIT>
       </RATEDETAILS.LIST>
       <SUPPLEMENTARYDUTYHEADDETAILS.LIST>       </SUPPLEMENTARYDUTYHEADDETAILS.LIST>
       <TAXOBJECTALLOCATIONS.LIST>       </TAXOBJECTALLOCATIONS.LIST>
       <COSTTRACKALLOCATIONS.LIST>       </COSTTRACKALLOCATIONS.LIST>
       <REFVOUCHERDETAILS.LIST>       </REFVOUCHERDETAILS.LIST>
       <EXCISEALLOCATIONS.LIST>       </EXCISEALLOCATIONS.LIST>
       <EXPENSEALLOCATIONS.LIST>       </EXPENSEALLOCATIONS.LIST>
      </INVENTORYALLOCATIONS.LIST>
      <INVENTORYALLOCATIONS.LIST>
       <ORIGINVOICEDATE/>
       <ORIGSALESINVDATE/>
       <DESCRIPTION/>
       <STOCKITEMNAME>Raval Plug</STOCKITEMNAME>
       <STATNATURENAME/>
       <EXCISECLASSIFICATIONNAME/>
       <ISZRBASICSERVICE/>
       <STRDGSTDERIVEDLOCATIONTYPE/>
       <STRDGSTDERIVEDTAXABILITY/>
       <STRDGSTDERIVEDNATURETYPE/>
       <STRDGSTDERIVEDSUPPLYTYPE/>
       <GSTOVRDNCLASSIFICATION/>
       <GSTOVRDNNATURE/>
       <GSTOVRDNINELIGIBLEITC/>
       <GSTOVRDNISREVCHARGEAPPL>&#4; Not Applicable</GSTOVRDNISREVCHARGEAPPL>
       <GSTOVRDNTAXABILITY>Taxable</GSTOVRDNTAXABILITY>
       <GSTSOURCETYPE>Stock Item</GSTSOURCETYPE>
       <GSTITEMSOURCE>Raval Plug</GSTITEMSOURCE>
       <GSTLEDGERSOURCE/>
       <GSTGROUPSOURCE/>
       <GSTSTOCKGROUPSOURCE/>
       <HSNSOURCETYPE>Stock Item</HSNSOURCETYPE>
       <HSNITEMSOURCE>Raval Plug</HSNITEMSOURCE>
       <HSNLEDGERSOURCE/>
       <HSNGROUPSOURCE/>
       <HSNSTOCKGROUPSOURCE/>
       <GSTOVRDNSTOREDNATURE>&#4; System Inferred</GSTOVRDNSTOREDNATURE>
       <GSTOVRDNTYPEOFSUPPLY>Goods</GSTOVRDNTYPEOFSUPPLY>
       <GSTRATEINFERAPPLICABILITY>As per Masters/Company</GSTRATEINFERAPPLICABILITY>
       <GSTOVRDNNATUREOFGOODS/>
       <GSTHSNNAME>39259090</GSTHSNNAME>
       <GSTHSNDESCRIPTION>PVC RAVAL PLUG</GSTHSNDESCRIPTION>
       <GSTHSNINFERAPPLICABILITY>As per Masters/Company</GSTHSNINFERAPPLICABILITY>
       <HSNOVRDNCLASSIFICATION/>
       <STRDGSTFINALNATUREOFENTRY/>
       <GSTDEPGSTCLASSIFICATION/>
       <GSTDEPHSNCLASSIFICATION/>
       <EXCISETARIFF/>
       <EXCISEEXEMPTION/>
       <TRADERCNSALESNUMBER/>
       <BASICPACKAGEMARKS/>
       <BASICNUMPACKAGES/>
       <SDTAXCLASSIFICATIONNAME/>
       <NATUREOFCOMPONENT/>
       <COMPONENTLISTTYPE/>
       <DISPLAYNATUREOFCOMPONENT/>
       <BOMNAME/>
       <ORIGINVOICENUMBER/>
       <ORIGINVOICEBOOKNAME/>
       <ORIGSALESINVNO/>
       <EXCISERETURNINVOICENO/>
       <REASONOFREJECTION/>
       <EXCISECREDITPARTY/>
       <EXCISECREDITSTKITEM/>
       <EXCISECREDITCATEGORY/>
       <TRADERSUPPLIERINVOICENO/>
       <EXCISESALESINVOICENO/>
       <GSTITEMUQC/>
       <GSTITEMUQCUOM/>
       <ADDLAMOUNT/>
       <ISDEEMEDPOSITIVE>No</ISDEEMEDPOSITIVE>
       <ISGSTASSESSABLEVALUEOVERRIDDEN/>
       <STRDISGSTAPPLICABLE/>
       <CONTENTNEGISPOS/>
       <ISLASTDEEMEDPOSITIVE>No</ISLASTDEEMEDPOSITIVE>
       <ISAUTONEGATE>No</ISAUTONEGATE>
       <ISCUSTOMSCLEARANCE/>
       <ISTRACKCOMPONENT/>
       <ISTRACKPRODUCTION/>
       <ISPRIMARYITEM/>
       <ISSCRAP>No</ISSCRAP>
       <RATE>40.00/pkts</RATE>
       <DISCOUNT>0</DISCOUNT>
       <VATTAXRATE>0</VATTAXRATE>
       <ORIGINVGOODSQTY>0</ORIGINVGOODSQTY>
       <EXCISEMRPABATEMENT>0</EXCISEMRPABATEMENT>
       <ADDLCOSTPERC>0</ADDLCOSTPERC>
       <REVISEDRATEOFDUTY>0</REVISEDRATEOFDUTY>
       <ORIGRATEOFDUTY>0</ORIGRATEOFDUTY>
       <ORIGMRPABATEMENT>0</ORIGMRPABATEMENT>
       <EXCISERETURNDUTYRATE>0</EXCISERETURNDUTYRATE>
       <GVATEXCISERATE>0</GVATEXCISERATE>
       <AMOUNT>200.00</AMOUNT>
       <EXCISEASSESSABLEVALUE/>
       <CESSASSVALONCLASS/>
       <EIDISCOUNTAMT/>
       <VATASSESSABLEVALUE/>
       <VATWCDEDUCTAMT/>
       <WCTOTALDEDUCTIONAMT/>
       <ORIGINVGOODSVALUE/>
       <GSTOVRDNASSESSABLEVALUE/>
       <GSTASSBLVALUE/>
       <STRDCOMPUTEDASSESSABLEVALUE/>
       <STRDCOMPUTEDIGST/>
       <STRDCOMPUTEDCGST/>
       <STRDCOMPUTEDSGST/>
       <STRDCOMPUTEDCESS/>
       <STRDCOMPUTEDCESSONQTY/>
       <ORIGINVGOODSTAXVALUE/>
       <VATASSBLVALUE/>
       <VATACCEPTEDTAXAMT/>
       <VATACCEPTEDADDLTAXAMT/>
       <STRDAPPRSTATECESSGST/>
       <STRDAPPROPRIATEDDISCOUNT/>
       <STRDEXCISETAX/>
       <VATINPUTTAXCREDIT/>
       <VATELIGIBLECREDIT/>
       <GVATEXCISEAMT/>
       <ACTUALQTY> 5.00 pkts</ACTUALQTY>
       <BILLEDQTY> 5.00 pkts</BILLEDQTY>
       <ORIGACTUALQTY/>
       <ORIGBILLEDQTY/>
       <EXCISERETURNINVOICEQTY/>
       <USABLEQTY/>
       <EXCISECREDITPENDINGQTY/>
       <MRPRATE/>
       <EXCISEMRPRATE/>
       <ORIGRATE/>
       <REVISEDRATE/>
       <ESCALATIONRATE/>
       <ORIGMRPRATE/>
       <ORIGRATEOFQTY/>
       <REVISEDRATEOFQTY/>
       <INCLVATRATE/>
       <BATCHALLOCATIONS.LIST>
        <MFDON/>
        <ORDERYEAREND/>
        <TRACKINGYEAREND/>
        <ORDERPRECLOSUREDATE/>
        <NARRATION/>
        <GODOWNNAME>Main Location</GODOWNNAME>
        <BATCHNAME>Primary Batch</BATCHNAME>
        <DESTINATIONGODOWNNAME/>
        <INDENTNO>&#4; Not Applicable</INDENTNO>
        <ORDERTYPE/>
        <PARENTITEM/>
        <ORDERCLOSUREREASON/>
        <ORDERNO>&#4; Not Applicable</ORDERNO>
        <TRACKINGNUMBER>13010</TRACKINGNUMBER>
        <DYNAMICCSTNO/>
        <DYNAMICCSTPARENTITEM/>
        <SUMDYNAMICCSTNO/>
        <SUMBATCHNAME/>
        <SUMTRACKINGNUMBER/>
        <SUMORDERNO/>
        <SUMINDENTNO/>
        <ADDLAMOUNT/>
        <DYNAMICCSTISCLEARED>No</DYNAMICCSTISCLEARED>
        <TRACKID TYPE="Number"> 47373</TRACKID>
        <BATCHID TYPE="Number"> 23557</BATCHID>
        <BATCHDISCOUNT TYPE="Number">0</BATCHDISCOUNT>
        <AMOUNT>200.00</AMOUNT>
        <ADDLEXPENSEAMOUNT/>
        <BATCHDIFFVAL/>
        <ACTUALQTY> 5.00 pkts</ACTUALQTY>
        <BILLEDQTY> 5.00 pkts</BILLEDQTY>
        <ORDERPRECLOSUREQTY/>
        <ORIGACTUALQTY/>
        <ORIGBILLEDQTY/>
        <BATCHPHYSDIFF/>
        <ORIGRATE/>
        <REVISEDRATE/>
        <ESCALATIONRATE/>
        <INCLVATRATE/>
        <BATCHRATE TYPE="Rate">40.00/pkts</BATCHRATE>
        <EXPIRYPERIOD/>
        <INDENTDUEDATE/>
        <ORDERDUEDATE/>
        <ADDITIONALDETAILS.LIST>        </ADDITIONALDETAILS.LIST>
        <VOUCHERCOMPONENTLIST.LIST>        </VOUCHERCOMPONENTLIST.LIST>
       </BATCHALLOCATIONS.LIST>
       <DUTYHEADDETAILS.LIST>       </DUTYHEADDETAILS.LIST>
       <RATEDETAILS.LIST>
        <GSTRATEDUTYHEAD>CGST</GSTRATEDUTYHEAD>
        <GSTRATEVALUATIONTYPE>Based on Value</GSTRATEVALUATIONTYPE>
        <GSTRATE> 9</GSTRATE>
        <GSTRATEPERUNIT>0</GSTRATEPERUNIT>
       </RATEDETAILS.LIST>
       <RATEDETAILS.LIST>
        <GSTRATEDUTYHEAD>SGST/UTGST</GSTRATEDUTYHEAD>
        <GSTRATEVALUATIONTYPE>Based on Value</GSTRATEVALUATIONTYPE>
        <GSTRATE> 9</GSTRATE>
        <GSTRATEPERUNIT>0</GSTRATEPERUNIT>
       </RATEDETAILS.LIST>
       <RATEDETAILS.LIST>
        <GSTRATEDUTYHEAD>IGST</GSTRATEDUTYHEAD>
        <GSTRATEVALUATIONTYPE>Based on Value</GSTRATEVALUATIONTYPE>
        <GSTRATE> 18</GSTRATE>
        <GSTRATEPERUNIT>0</GSTRATEPERUNIT>
       </RATEDETAILS.LIST>
       <RATEDETAILS.LIST>
        <GSTRATEDUTYHEAD>Cess</GSTRATEDUTYHEAD>
        <GSTRATEVALUATIONTYPE>&#4; Not Applicable</GSTRATEVALUATIONTYPE>
        <GSTRATE>0</GSTRATE>
        <GSTRATEPERUNIT>0</GSTRATEPERUNIT>
       </RATEDETAILS.LIST>
       <RATEDETAILS.LIST>
        <GSTRATEDUTYHEAD>State Cess</GSTRATEDUTYHEAD>
        <GSTRATEVALUATIONTYPE>Based on Value</GSTRATEVALUATIONTYPE>
        <GSTRATE>0</GSTRATE>
        <GSTRATEPERUNIT>0</GSTRATEPERUNIT>
       </RATEDETAILS.LIST>
       <SUPPLEMENTARYDUTYHEADDETAILS.LIST>       </SUPPLEMENTARYDUTYHEADDETAILS.LIST>
       <TAXOBJECTALLOCATIONS.LIST>       </TAXOBJECTALLOCATIONS.LIST>
       <COSTTRACKALLOCATIONS.LIST>       </COSTTRACKALLOCATIONS.LIST>
       <REFVOUCHERDETAILS.LIST>       </REFVOUCHERDETAILS.LIST>
       <EXCISEALLOCATIONS.LIST>       </EXCISEALLOCATIONS.LIST>
       <EXPENSEALLOCATIONS.LIST>       </EXPENSEALLOCATIONS.LIST>
      </INVENTORYALLOCATIONS.LIST>
      <INVENTORYALLOCATIONS.LIST>
       <ORIGINVOICEDATE/>
       <ORIGSALESINVDATE/>
       <DESCRIPTION/>
       <STOCKITEMNAME>Abrotape (Roll)</STOCKITEMNAME>
       <STATNATURENAME/>
       <EXCISECLASSIFICATIONNAME/>
       <ISZRBASICSERVICE/>
       <STRDGSTDERIVEDLOCATIONTYPE/>
       <STRDGSTDERIVEDTAXABILITY/>
       <STRDGSTDERIVEDNATURETYPE/>
       <STRDGSTDERIVEDSUPPLYTYPE/>
       <GSTOVRDNCLASSIFICATION/>
       <GSTOVRDNNATURE/>
       <GSTOVRDNINELIGIBLEITC/>
       <GSTOVRDNISREVCHARGEAPPL>&#4; Not Applicable</GSTOVRDNISREVCHARGEAPPL>
       <GSTOVRDNTAXABILITY>Taxable</GSTOVRDNTAXABILITY>
       <GSTSOURCETYPE>Stock Item</GSTSOURCETYPE>
       <GSTITEMSOURCE>Abrotape (Roll)</GSTITEMSOURCE>
       <GSTLEDGERSOURCE/>
       <GSTGROUPSOURCE/>
       <GSTSTOCKGROUPSOURCE/>
       <HSNSOURCETYPE>Stock Item</HSNSOURCETYPE>
       <HSNITEMSOURCE>Abrotape (Roll)</HSNITEMSOURCE>
       <HSNLEDGERSOURCE/>
       <HSNGROUPSOURCE/>
       <HSNSTOCKGROUPSOURCE/>
       <GSTOVRDNSTOREDNATURE>&#4; System Inferred</GSTOVRDNSTOREDNATURE>
       <GSTOVRDNTYPEOFSUPPLY>Goods</GSTOVRDNTYPEOFSUPPLY>
       <GSTRATEINFERAPPLICABILITY>As per Masters/Company</GSTRATEINFERAPPLICABILITY>
       <GSTOVRDNNATUREOFGOODS/>
       <GSTHSNNAME>48114100</GSTHSNNAME>
       <GSTHSNDESCRIPTION/>
       <GSTHSNINFERAPPLICABILITY>As per Masters/Company</GSTHSNINFERAPPLICABILITY>
       <HSNOVRDNCLASSIFICATION/>
       <STRDGSTFINALNATUREOFENTRY/>
       <GSTDEPGSTCLASSIFICATION/>
       <GSTDEPHSNCLASSIFICATION/>
       <EXCISETARIFF/>
       <EXCISEEXEMPTION/>
       <TRADERCNSALESNUMBER/>
       <BASICPACKAGEMARKS/>
       <BASICNUMPACKAGES/>
       <SDTAXCLASSIFICATIONNAME/>
       <NATUREOFCOMPONENT/>
       <COMPONENTLISTTYPE/>
       <DISPLAYNATUREOFCOMPONENT/>
       <BOMNAME/>
       <ORIGINVOICENUMBER/>
       <ORIGINVOICEBOOKNAME/>
       <ORIGSALESINVNO/>
       <EXCISERETURNINVOICENO/>
       <REASONOFREJECTION/>
       <EXCISECREDITPARTY/>
       <EXCISECREDITSTKITEM/>
       <EXCISECREDITCATEGORY/>
       <TRADERSUPPLIERINVOICENO/>
       <EXCISESALESINVOICENO/>
       <GSTITEMUQC/>
       <GSTITEMUQCUOM/>
       <ADDLAMOUNT/>
       <ISDEEMEDPOSITIVE>No</ISDEEMEDPOSITIVE>
       <ISGSTASSESSABLEVALUEOVERRIDDEN/>
       <STRDISGSTAPPLICABLE/>
       <CONTENTNEGISPOS/>
       <ISLASTDEEMEDPOSITIVE>No</ISLASTDEEMEDPOSITIVE>
       <ISAUTONEGATE>No</ISAUTONEGATE>
       <ISCUSTOMSCLEARANCE/>
       <ISTRACKCOMPONENT/>
       <ISTRACKPRODUCTION/>
       <ISPRIMARYITEM/>
       <ISSCRAP>No</ISSCRAP>
       <RATE>130.00/Roll</RATE>
       <DISCOUNT>0</DISCOUNT>
       <VATTAXRATE>0</VATTAXRATE>
       <ORIGINVGOODSQTY>0</ORIGINVGOODSQTY>
       <EXCISEMRPABATEMENT>0</EXCISEMRPABATEMENT>
       <ADDLCOSTPERC>0</ADDLCOSTPERC>
       <REVISEDRATEOFDUTY>0</REVISEDRATEOFDUTY>
       <ORIGRATEOFDUTY>0</ORIGRATEOFDUTY>
       <ORIGMRPABATEMENT>0</ORIGMRPABATEMENT>
       <EXCISERETURNDUTYRATE>0</EXCISERETURNDUTYRATE>
       <GVATEXCISERATE>0</GVATEXCISERATE>
       <AMOUNT>1300.00</AMOUNT>
       <EXCISEASSESSABLEVALUE/>
       <CESSASSVALONCLASS/>
       <EIDISCOUNTAMT/>
       <VATASSESSABLEVALUE/>
       <VATWCDEDUCTAMT/>
       <WCTOTALDEDUCTIONAMT/>
       <ORIGINVGOODSVALUE/>
       <GSTOVRDNASSESSABLEVALUE/>
       <GSTASSBLVALUE/>
       <STRDCOMPUTEDASSESSABLEVALUE/>
       <STRDCOMPUTEDIGST/>
       <STRDCOMPUTEDCGST/>
       <STRDCOMPUTEDSGST/>
       <STRDCOMPUTEDCESS/>
       <STRDCOMPUTEDCESSONQTY/>
       <ORIGINVGOODSTAXVALUE/>
       <VATASSBLVALUE/>
       <VATACCEPTEDTAXAMT/>
       <VATACCEPTEDADDLTAXAMT/>
       <STRDAPPRSTATECESSGST/>
       <STRDAPPROPRIATEDDISCOUNT/>
       <STRDEXCISETAX/>
       <VATINPUTTAXCREDIT/>
       <VATELIGIBLECREDIT/>
       <GVATEXCISEAMT/>
       <ACTUALQTY> 10 Roll</ACTUALQTY>
       <BILLEDQTY> 10 Roll</BILLEDQTY>
       <ORIGACTUALQTY/>
       <ORIGBILLEDQTY/>
       <EXCISERETURNINVOICEQTY/>
       <USABLEQTY/>
       <EXCISECREDITPENDINGQTY/>
       <MRPRATE/>
       <EXCISEMRPRATE/>
       <ORIGRATE/>
       <REVISEDRATE/>
       <ESCALATIONRATE/>
       <ORIGMRPRATE/>
       <ORIGRATEOFQTY/>
       <REVISEDRATEOFQTY/>
       <INCLVATRATE/>
       <BATCHALLOCATIONS.LIST>
        <MFDON/>
        <ORDERYEAREND/>
        <TRACKINGYEAREND/>
        <ORDERPRECLOSUREDATE/>
        <NARRATION/>
        <GODOWNNAME>Main Location</GODOWNNAME>
        <BATCHNAME>Primary Batch</BATCHNAME>
        <DESTINATIONGODOWNNAME/>
        <INDENTNO>&#4; Not Applicable</INDENTNO>
        <ORDERTYPE/>
        <PARENTITEM/>
        <ORDERCLOSUREREASON/>
        <ORDERNO>&#4; Not Applicable</ORDERNO>
        <TRACKINGNUMBER>13010</TRACKINGNUMBER>
        <DYNAMICCSTNO/>
        <DYNAMICCSTPARENTITEM/>
        <SUMDYNAMICCSTNO/>
        <SUMBATCHNAME/>
        <SUMTRACKINGNUMBER/>
        <SUMORDERNO/>
        <SUMINDENTNO/>
        <ADDLAMOUNT/>
        <DYNAMICCSTISCLEARED>No</DYNAMICCSTISCLEARED>
        <TRACKID TYPE="Number"> 47374</TRACKID>
        <BATCHID TYPE="Number"> 23497</BATCHID>
        <BATCHDISCOUNT TYPE="Number">0</BATCHDISCOUNT>
        <AMOUNT>1300.00</AMOUNT>
        <ADDLEXPENSEAMOUNT/>
        <BATCHDIFFVAL/>
        <ACTUALQTY> 10 Roll</ACTUALQTY>
        <BILLEDQTY> 10 Roll</BILLEDQTY>
        <ORDERPRECLOSUREQTY/>
        <ORIGACTUALQTY/>
        <ORIGBILLEDQTY/>
        <BATCHPHYSDIFF/>
        <ORIGRATE/>
        <REVISEDRATE/>
        <ESCALATIONRATE/>
        <INCLVATRATE/>
        <BATCHRATE TYPE="Rate">130.00/Roll</BATCHRATE>
        <EXPIRYPERIOD/>
        <INDENTDUEDATE/>
        <ORDERDUEDATE/>
        <ADDITIONALDETAILS.LIST>        </ADDITIONALDETAILS.LIST>
        <VOUCHERCOMPONENTLIST.LIST>        </VOUCHERCOMPONENTLIST.LIST>
       </BATCHALLOCATIONS.LIST>
       <DUTYHEADDETAILS.LIST>       </DUTYHEADDETAILS.LIST>
       <RATEDETAILS.LIST>
        <GSTRATEDUTYHEAD>CGST</GSTRATEDUTYHEAD>
        <GSTRATEVALUATIONTYPE>Based on Value</GSTRATEVALUATIONTYPE>
        <GSTRATE> 9</GSTRATE>
        <GSTRATEPERUNIT>0</GSTRATEPERUNIT>
       </RATEDETAILS.LIST>
       <RATEDETAILS.LIST>
        <GSTRATEDUTYHEAD>SGST/UTGST</GSTRATEDUTYHEAD>
        <GSTRATEVALUATIONTYPE>Based on Value</GSTRATEVALUATIONTYPE>
        <GSTRATE> 9</GSTRATE>
        <GSTRATEPERUNIT>0</GSTRATEPERUNIT>
       </RATEDETAILS.LIST>
       <RATEDETAILS.LIST>
        <GSTRATEDUTYHEAD>IGST</GSTRATEDUTYHEAD>
        <GSTRATEVALUATIONTYPE>Based on Value</GSTRATEVALUATIONTYPE>
        <GSTRATE> 18</GSTRATE>
        <GSTRATEPERUNIT>0</GSTRATEPERUNIT>
       </RATEDETAILS.LIST>
       <RATEDETAILS.LIST>
        <GSTRATEDUTYHEAD>Cess</GSTRATEDUTYHEAD>
        <GSTRATEVALUATIONTYPE>&#4; Not Applicable</GSTRATEVALUATIONTYPE>
        <GSTRATE>0</GSTRATE>
        <GSTRATEPERUNIT>0</GSTRATEPERUNIT>
       </RATEDETAILS.LIST>
       <RATEDETAILS.LIST>
        <GSTRATEDUTYHEAD>State Cess</GSTRATEDUTYHEAD>
        <GSTRATEVALUATIONTYPE>Based on Value</GSTRATEVALUATIONTYPE>
        <GSTRATE>0</GSTRATE>
        <GSTRATEPERUNIT>0</GSTRATEPERUNIT>
       </RATEDETAILS.LIST>
       <SUPPLEMENTARYDUTYHEADDETAILS.LIST>       </SUPPLEMENTARYDUTYHEADDETAILS.LIST>
       <TAXOBJECTALLOCATIONS.LIST>       </TAXOBJECTALLOCATIONS.LIST>
       <COSTTRACKALLOCATIONS.LIST>       </COSTTRACKALLOCATIONS.LIST>
       <REFVOUCHERDETAILS.LIST>       </REFVOUCHERDETAILS.LIST>
       <EXCISEALLOCATIONS.LIST>       </EXCISEALLOCATIONS.LIST>
       <EXPENSEALLOCATIONS.LIST>       </EXPENSEALLOCATIONS.LIST>
      </INVENTORYALLOCATIONS.LIST>
      <INVENTORYALLOCATIONS.LIST>
       <ORIGINVOICEDATE/>
       <ORIGSALESINVDATE/>
       <DESCRIPTION/>
       <STOCKITEMNAME>Hinges</STOCKITEMNAME>
       <STATNATURENAME/>
       <EXCISECLASSIFICATIONNAME/>
       <ISZRBASICSERVICE/>
       <STRDGSTDERIVEDLOCATIONTYPE/>
       <STRDGSTDERIVEDTAXABILITY/>
       <STRDGSTDERIVEDNATURETYPE/>
       <STRDGSTDERIVEDSUPPLYTYPE/>
       <GSTOVRDNCLASSIFICATION/>
       <GSTOVRDNNATURE/>
       <GSTOVRDNINELIGIBLEITC/>
       <GSTOVRDNISREVCHARGEAPPL>&#4; Not Applicable</GSTOVRDNISREVCHARGEAPPL>
       <GSTOVRDNTAXABILITY>Taxable</GSTOVRDNTAXABILITY>
       <GSTSOURCETYPE>Stock Item</GSTSOURCETYPE>
       <GSTITEMSOURCE>Hinges</GSTITEMSOURCE>
       <GSTLEDGERSOURCE/>
       <GSTGROUPSOURCE/>
       <GSTSTOCKGROUPSOURCE/>
       <HSNSOURCETYPE>Stock Item</HSNSOURCETYPE>
       <HSNITEMSOURCE>Hinges</HSNITEMSOURCE>
       <HSNLEDGERSOURCE/>
       <HSNGROUPSOURCE/>
       <HSNSTOCKGROUPSOURCE/>
       <GSTOVRDNSTOREDNATURE>&#4; System Inferred</GSTOVRDNSTOREDNATURE>
       <GSTOVRDNTYPEOFSUPPLY>Goods</GSTOVRDNTYPEOFSUPPLY>
       <GSTRATEINFERAPPLICABILITY>As per Masters/Company</GSTRATEINFERAPPLICABILITY>
       <GSTOVRDNNATUREOFGOODS/>
       <GSTHSNNAME>83024190</GSTHSNNAME>
       <GSTHSNDESCRIPTION>SS HINGES</GSTHSNDESCRIPTION>
       <GSTHSNINFERAPPLICABILITY>As per Masters/Company</GSTHSNINFERAPPLICABILITY>
       <HSNOVRDNCLASSIFICATION/>
       <STRDGSTFINALNATUREOFENTRY/>
       <GSTDEPGSTCLASSIFICATION/>
       <GSTDEPHSNCLASSIFICATION/>
       <EXCISETARIFF/>
       <EXCISEEXEMPTION/>
       <TRADERCNSALESNUMBER/>
       <BASICPACKAGEMARKS/>
       <BASICNUMPACKAGES/>
       <SDTAXCLASSIFICATIONNAME/>
       <NATUREOFCOMPONENT/>
       <COMPONENTLISTTYPE/>
       <DISPLAYNATUREOFCOMPONENT/>
       <BOMNAME/>
       <ORIGINVOICENUMBER/>
       <ORIGINVOICEBOOKNAME/>
       <ORIGSALESINVNO/>
       <EXCISERETURNINVOICENO/>
       <REASONOFREJECTION/>
       <EXCISECREDITPARTY/>
       <EXCISECREDITSTKITEM/>
       <EXCISECREDITCATEGORY/>
       <TRADERSUPPLIERINVOICENO/>
       <EXCISESALESINVOICENO/>
       <GSTITEMUQC/>
       <GSTITEMUQCUOM/>
       <ADDLAMOUNT/>
       <ISDEEMEDPOSITIVE>No</ISDEEMEDPOSITIVE>
       <ISGSTASSESSABLEVALUEOVERRIDDEN/>
       <STRDISGSTAPPLICABLE/>
       <CONTENTNEGISPOS/>
       <ISLASTDEEMEDPOSITIVE>No</ISLASTDEEMEDPOSITIVE>
       <ISAUTONEGATE>No</ISAUTONEGATE>
       <ISCUSTOMSCLEARANCE/>
       <ISTRACKCOMPONENT/>
       <ISTRACKPRODUCTION/>
       <ISPRIMARYITEM/>
       <ISSCRAP>No</ISSCRAP>
       <RATE>205.00/nos</RATE>
       <DISCOUNT>0</DISCOUNT>
       <VATTAXRATE>0</VATTAXRATE>
       <ORIGINVGOODSQTY>0</ORIGINVGOODSQTY>
       <EXCISEMRPABATEMENT>0</EXCISEMRPABATEMENT>
       <ADDLCOSTPERC>0</ADDLCOSTPERC>
       <REVISEDRATEOFDUTY>0</REVISEDRATEOFDUTY>
       <ORIGRATEOFDUTY>0</ORIGRATEOFDUTY>
       <ORIGMRPABATEMENT>0</ORIGMRPABATEMENT>
       <EXCISERETURNDUTYRATE>0</EXCISERETURNDUTYRATE>
       <GVATEXCISERATE>0</GVATEXCISERATE>
       <AMOUNT>1845.00</AMOUNT>
       <EXCISEASSESSABLEVALUE/>
       <CESSASSVALONCLASS/>
       <EIDISCOUNTAMT/>
       <VATASSESSABLEVALUE/>
       <VATWCDEDUCTAMT/>
       <WCTOTALDEDUCTIONAMT/>
       <ORIGINVGOODSVALUE/>
       <GSTOVRDNASSESSABLEVALUE/>
       <GSTASSBLVALUE/>
       <STRDCOMPUTEDASSESSABLEVALUE/>
       <STRDCOMPUTEDIGST/>
       <STRDCOMPUTEDCGST/>
       <STRDCOMPUTEDSGST/>
       <STRDCOMPUTEDCESS/>
       <STRDCOMPUTEDCESSONQTY/>
       <ORIGINVGOODSTAXVALUE/>
       <VATASSBLVALUE/>
       <VATACCEPTEDTAXAMT/>
       <VATACCEPTEDADDLTAXAMT/>
       <STRDAPPRSTATECESSGST/>
       <STRDAPPROPRIATEDDISCOUNT/>
       <STRDEXCISETAX/>
       <VATINPUTTAXCREDIT/>
       <VATELIGIBLECREDIT/>
       <GVATEXCISEAMT/>
       <ACTUALQTY> 9.00 nos</ACTUALQTY>
       <BILLEDQTY> 9.00 nos</BILLEDQTY>
       <ORIGACTUALQTY/>
       <ORIGBILLEDQTY/>
       <EXCISERETURNINVOICEQTY/>
       <USABLEQTY/>
       <EXCISECREDITPENDINGQTY/>
       <MRPRATE/>
       <EXCISEMRPRATE/>
       <ORIGRATE/>
       <REVISEDRATE/>
       <ESCALATIONRATE/>
       <ORIGMRPRATE/>
       <ORIGRATEOFQTY/>
       <REVISEDRATEOFQTY/>
       <INCLVATRATE/>
       <BATCHALLOCATIONS.LIST>
        <MFDON/>
        <ORDERYEAREND/>
        <TRACKINGYEAREND/>
        <ORDERPRECLOSUREDATE/>
        <NARRATION/>
        <GODOWNNAME>Main Location</GODOWNNAME>
        <BATCHNAME>Primary Batch</BATCHNAME>
        <DESTINATIONGODOWNNAME/>
        <INDENTNO>&#4; Not Applicable</INDENTNO>
        <ORDERTYPE/>
        <PARENTITEM/>
        <ORDERCLOSUREREASON/>
        <ORDERNO>&#4; Not Applicable</ORDERNO>
        <TRACKINGNUMBER>13010</TRACKINGNUMBER>
        <DYNAMICCSTNO/>
        <DYNAMICCSTPARENTITEM/>
        <SUMDYNAMICCSTNO/>
        <SUMBATCHNAME/>
        <SUMTRACKINGNUMBER/>
        <SUMORDERNO/>
        <SUMINDENTNO/>
        <ADDLAMOUNT/>
        <DYNAMICCSTISCLEARED>No</DYNAMICCSTISCLEARED>
        <TRACKID TYPE="Number"> 47375</TRACKID>
        <BATCHID TYPE="Number"> 23507</BATCHID>
        <BATCHDISCOUNT TYPE="Number">0</BATCHDISCOUNT>
        <AMOUNT>1845.00</AMOUNT>
        <ADDLEXPENSEAMOUNT/>
        <BATCHDIFFVAL/>
        <ACTUALQTY> 9.00 nos</ACTUALQTY>
        <BILLEDQTY> 9.00 nos</BILLEDQTY>
        <ORDERPRECLOSUREQTY/>
        <ORIGACTUALQTY/>
        <ORIGBILLEDQTY/>
        <BATCHPHYSDIFF/>
        <ORIGRATE/>
        <REVISEDRATE/>
        <ESCALATIONRATE/>
        <INCLVATRATE/>
        <BATCHRATE TYPE="Rate">205.00/nos</BATCHRATE>
        <EXPIRYPERIOD/>
        <INDENTDUEDATE/>
        <ORDERDUEDATE/>
        <ADDITIONALDETAILS.LIST>        </ADDITIONALDETAILS.LIST>
        <VOUCHERCOMPONENTLIST.LIST>        </VOUCHERCOMPONENTLIST.LIST>
       </BATCHALLOCATIONS.LIST>
       <DUTYHEADDETAILS.LIST>       </DUTYHEADDETAILS.LIST>
       <RATEDETAILS.LIST>
        <GSTRATEDUTYHEAD>CGST</GSTRATEDUTYHEAD>
        <GSTRATEVALUATIONTYPE>Based on Value</GSTRATEVALUATIONTYPE>
        <GSTRATE> 9</GSTRATE>
        <GSTRATEPERUNIT>0</GSTRATEPERUNIT>
       </RATEDETAILS.LIST>
       <RATEDETAILS.LIST>
        <GSTRATEDUTYHEAD>SGST/UTGST</GSTRATEDUTYHEAD>
        <GSTRATEVALUATIONTYPE>Based on Value</GSTRATEVALUATIONTYPE>
        <GSTRATE> 9</GSTRATE>
        <GSTRATEPERUNIT>0</GSTRATEPERUNIT>
       </RATEDETAILS.LIST>
       <RATEDETAILS.LIST>
        <GSTRATEDUTYHEAD>IGST</GSTRATEDUTYHEAD>
        <GSTRATEVALUATIONTYPE>Based on Value</GSTRATEVALUATIONTYPE>
        <GSTRATE> 18</GSTRATE>
        <GSTRATEPERUNIT>0</GSTRATEPERUNIT>
       </RATEDETAILS.LIST>
       <RATEDETAILS.LIST>
        <GSTRATEDUTYHEAD>Cess</GSTRATEDUTYHEAD>
        <GSTRATEVALUATIONTYPE>&#4; Not Applicable</GSTRATEVALUATIONTYPE>
        <GSTRATE>0</GSTRATE>
        <GSTRATEPERUNIT>0</GSTRATEPERUNIT>
       </RATEDETAILS.LIST>
       <RATEDETAILS.LIST>
        <GSTRATEDUTYHEAD>State Cess</GSTRATEDUTYHEAD>
        <GSTRATEVALUATIONTYPE>Based on Value</GSTRATEVALUATIONTYPE>
        <GSTRATE>0</GSTRATE>
        <GSTRATEPERUNIT>0</GSTRATEPERUNIT>
       </RATEDETAILS.LIST>
       <SUPPLEMENTARYDUTYHEADDETAILS.LIST>       </SUPPLEMENTARYDUTYHEADDETAILS.LIST>
       <TAXOBJECTALLOCATIONS.LIST>       </TAXOBJECTALLOCATIONS.LIST>
       <COSTTRACKALLOCATIONS.LIST>       </COSTTRACKALLOCATIONS.LIST>
       <REFVOUCHERDETAILS.LIST>       </REFVOUCHERDETAILS.LIST>
       <EXCISEALLOCATIONS.LIST>       </EXCISEALLOCATIONS.LIST>
       <EXPENSEALLOCATIONS.LIST>       </EXPENSEALLOCATIONS.LIST>
      </INVENTORYALLOCATIONS.LIST>
      <INVENTORYALLOCATIONS.LIST>
       <ORIGINVOICEDATE/>
       <ORIGSALESINVDATE/>
       <DESCRIPTION/>
       <STOCKITEMNAME>Screw  SS 150 x 10</STOCKITEMNAME>
       <STATNATURENAME/>
       <EXCISECLASSIFICATIONNAME/>
       <ISZRBASICSERVICE/>
       <STRDGSTDERIVEDLOCATIONTYPE/>
       <STRDGSTDERIVEDTAXABILITY/>
       <STRDGSTDERIVEDNATURETYPE/>
       <STRDGSTDERIVEDSUPPLYTYPE/>
       <GSTOVRDNCLASSIFICATION/>
       <GSTOVRDNNATURE/>
       <GSTOVRDNINELIGIBLEITC/>
       <GSTOVRDNISREVCHARGEAPPL>&#4; Not Applicable</GSTOVRDNISREVCHARGEAPPL>
       <GSTOVRDNTAXABILITY>Taxable</GSTOVRDNTAXABILITY>
       <GSTSOURCETYPE>Stock Item</GSTSOURCETYPE>
       <GSTITEMSOURCE>Screw  SS 150 x 10</GSTITEMSOURCE>
       <GSTLEDGERSOURCE/>
       <GSTGROUPSOURCE/>
       <GSTSTOCKGROUPSOURCE/>
       <HSNSOURCETYPE>Stock Item</HSNSOURCETYPE>
       <HSNITEMSOURCE>Screw  SS 150 x 10</HSNITEMSOURCE>
       <HSNLEDGERSOURCE/>
       <HSNGROUPSOURCE/>
       <HSNSTOCKGROUPSOURCE/>
       <GSTOVRDNSTOREDNATURE>&#4; System Inferred</GSTOVRDNSTOREDNATURE>
       <GSTOVRDNTYPEOFSUPPLY>Goods</GSTOVRDNTYPEOFSUPPLY>
       <GSTRATEINFERAPPLICABILITY>As per Masters/Company</GSTRATEINFERAPPLICABILITY>
       <GSTOVRDNNATUREOFGOODS/>
       <GSTHSNNAME>73181400</GSTHSNNAME>
       <GSTHSNDESCRIPTION/>
       <GSTHSNINFERAPPLICABILITY>As per Masters/Company</GSTHSNINFERAPPLICABILITY>
       <HSNOVRDNCLASSIFICATION/>
       <STRDGSTFINALNATUREOFENTRY/>
       <GSTDEPGSTCLASSIFICATION/>
       <GSTDEPHSNCLASSIFICATION/>
       <EXCISETARIFF/>
       <EXCISEEXEMPTION/>
       <TRADERCNSALESNUMBER/>
       <BASICPACKAGEMARKS/>
       <BASICNUMPACKAGES/>
       <SDTAXCLASSIFICATIONNAME/>
       <NATUREOFCOMPONENT/>
       <COMPONENTLISTTYPE/>
       <DISPLAYNATUREOFCOMPONENT/>
       <BOMNAME/>
       <ORIGINVOICENUMBER/>
       <ORIGINVOICEBOOKNAME/>
       <ORIGSALESINVNO/>
       <EXCISERETURNINVOICENO/>
       <REASONOFREJECTION/>
       <EXCISECREDITPARTY/>
       <EXCISECREDITSTKITEM/>
       <EXCISECREDITCATEGORY/>
       <TRADERSUPPLIERINVOICENO/>
       <EXCISESALESINVOICENO/>
       <GSTITEMUQC/>
       <GSTITEMUQCUOM/>
       <ADDLAMOUNT/>
       <ISDEEMEDPOSITIVE>No</ISDEEMEDPOSITIVE>
       <ISGSTASSESSABLEVALUEOVERRIDDEN/>
       <STRDISGSTAPPLICABLE/>
       <CONTENTNEGISPOS/>
       <ISLASTDEEMEDPOSITIVE>No</ISLASTDEEMEDPOSITIVE>
       <ISAUTONEGATE>No</ISAUTONEGATE>
       <ISCUSTOMSCLEARANCE/>
       <ISTRACKCOMPONENT/>
       <ISTRACKPRODUCTION/>
       <ISPRIMARYITEM/>
       <ISSCRAP>No</ISSCRAP>
       <RATE>452.00/pkts</RATE>
       <DISCOUNT>0</DISCOUNT>
       <VATTAXRATE>0</VATTAXRATE>
       <ORIGINVGOODSQTY>0</ORIGINVGOODSQTY>
       <EXCISEMRPABATEMENT>0</EXCISEMRPABATEMENT>
       <ADDLCOSTPERC>0</ADDLCOSTPERC>
       <REVISEDRATEOFDUTY>0</REVISEDRATEOFDUTY>
       <ORIGRATEOFDUTY>0</ORIGRATEOFDUTY>
       <ORIGMRPABATEMENT>0</ORIGMRPABATEMENT>
       <EXCISERETURNDUTYRATE>0</EXCISERETURNDUTYRATE>
       <GVATEXCISERATE>0</GVATEXCISERATE>
       <AMOUNT>904.00</AMOUNT>
       <EXCISEASSESSABLEVALUE/>
       <CESSASSVALONCLASS/>
       <EIDISCOUNTAMT/>
       <VATASSESSABLEVALUE/>
       <VATWCDEDUCTAMT/>
       <WCTOTALDEDUCTIONAMT/>
       <ORIGINVGOODSVALUE/>
       <GSTOVRDNASSESSABLEVALUE/>
       <GSTASSBLVALUE/>
       <STRDCOMPUTEDASSESSABLEVALUE/>
       <STRDCOMPUTEDIGST/>
       <STRDCOMPUTEDCGST/>
       <STRDCOMPUTEDSGST/>
       <STRDCOMPUTEDCESS/>
       <STRDCOMPUTEDCESSONQTY/>
       <ORIGINVGOODSTAXVALUE/>
       <VATASSBLVALUE/>
       <VATACCEPTEDTAXAMT/>
       <VATACCEPTEDADDLTAXAMT/>
       <STRDAPPRSTATECESSGST/>
       <STRDAPPROPRIATEDDISCOUNT/>
       <STRDEXCISETAX/>
       <VATINPUTTAXCREDIT/>
       <VATELIGIBLECREDIT/>
       <GVATEXCISEAMT/>
       <ACTUALQTY> 2.00 pkts</ACTUALQTY>
       <BILLEDQTY> 2.00 pkts</BILLEDQTY>
       <ORIGACTUALQTY/>
       <ORIGBILLEDQTY/>
       <EXCISERETURNINVOICEQTY/>
       <USABLEQTY/>
       <EXCISECREDITPENDINGQTY/>
       <MRPRATE/>
       <EXCISEMRPRATE/>
       <ORIGRATE/>
       <REVISEDRATE/>
       <ESCALATIONRATE/>
       <ORIGMRPRATE/>
       <ORIGRATEOFQTY/>
       <REVISEDRATEOFQTY/>
       <INCLVATRATE/>
       <BATCHALLOCATIONS.LIST>
        <MFDON/>
        <ORDERYEAREND/>
        <TRACKINGYEAREND/>
        <ORDERPRECLOSUREDATE/>
        <NARRATION/>
        <GODOWNNAME>Main Location</GODOWNNAME>
        <BATCHNAME>Primary Batch</BATCHNAME>
        <DESTINATIONGODOWNNAME/>
        <INDENTNO>&#4; Not Applicable</INDENTNO>
        <ORDERTYPE/>
        <PARENTITEM/>
        <ORDERCLOSUREREASON/>
        <ORDERNO>&#4; Not Applicable</ORDERNO>
        <TRACKINGNUMBER>13010</TRACKINGNUMBER>
        <DYNAMICCSTNO/>
        <DYNAMICCSTPARENTITEM/>
        <SUMDYNAMICCSTNO/>
        <SUMBATCHNAME/>
        <SUMTRACKINGNUMBER/>
        <SUMORDERNO/>
        <SUMINDENTNO/>
        <ADDLAMOUNT/>
        <DYNAMICCSTISCLEARED>No</DYNAMICCSTISCLEARED>
        <TRACKID TYPE="Number"> 47376</TRACKID>
        <BATCHID TYPE="Number"> 34147</BATCHID>
        <BATCHDISCOUNT TYPE="Number">0</BATCHDISCOUNT>
        <AMOUNT>904.00</AMOUNT>
        <ADDLEXPENSEAMOUNT/>
        <BATCHDIFFVAL/>
        <ACTUALQTY> 2.00 pkts</ACTUALQTY>
        <BILLEDQTY> 2.00 pkts</BILLEDQTY>
        <ORDERPRECLOSUREQTY/>
        <ORIGACTUALQTY/>
        <ORIGBILLEDQTY/>
        <BATCHPHYSDIFF/>
        <ORIGRATE/>
        <REVISEDRATE/>
        <ESCALATIONRATE/>
        <INCLVATRATE/>
        <BATCHRATE TYPE="Rate">452.00/pkts</BATCHRATE>
        <EXPIRYPERIOD/>
        <INDENTDUEDATE/>
        <ORDERDUEDATE/>
        <ADDITIONALDETAILS.LIST>        </ADDITIONALDETAILS.LIST>
        <VOUCHERCOMPONENTLIST.LIST>        </VOUCHERCOMPONENTLIST.LIST>
       </BATCHALLOCATIONS.LIST>
       <DUTYHEADDETAILS.LIST>       </DUTYHEADDETAILS.LIST>
       <RATEDETAILS.LIST>
        <GSTRATEDUTYHEAD>CGST</GSTRATEDUTYHEAD>
        <GSTRATEVALUATIONTYPE>Based on Value</GSTRATEVALUATIONTYPE>
        <GSTRATE> 9</GSTRATE>
        <GSTRATEPERUNIT>0</GSTRATEPERUNIT>
       </RATEDETAILS.LIST>
       <RATEDETAILS.LIST>
        <GSTRATEDUTYHEAD>SGST/UTGST</GSTRATEDUTYHEAD>
        <GSTRATEVALUATIONTYPE>Based on Value</GSTRATEVALUATIONTYPE>
        <GSTRATE> 9</GSTRATE>
        <GSTRATEPERUNIT>0</GSTRATEPERUNIT>
       </RATEDETAILS.LIST>
       <RATEDETAILS.LIST>
        <GSTRATEDUTYHEAD>IGST</GSTRATEDUTYHEAD>
        <GSTRATEVALUATIONTYPE>Based on Value</GSTRATEVALUATIONTYPE>
        <GSTRATE> 18</GSTRATE>
        <GSTRATEPERUNIT>0</GSTRATEPERUNIT>
       </RATEDETAILS.LIST>
       <RATEDETAILS.LIST>
        <GSTRATEDUTYHEAD>Cess</GSTRATEDUTYHEAD>
        <GSTRATEVALUATIONTYPE>&#4; Not Applicable</GSTRATEVALUATIONTYPE>
        <GSTRATE>0</GSTRATE>
        <GSTRATEPERUNIT>0</GSTRATEPERUNIT>
       </RATEDETAILS.LIST>
       <RATEDETAILS.LIST>
        <GSTRATEDUTYHEAD>State Cess</GSTRATEDUTYHEAD>
        <GSTRATEVALUATIONTYPE>Based on Value</GSTRATEVALUATIONTYPE>
        <GSTRATE>0</GSTRATE>
        <GSTRATEPERUNIT>0</GSTRATEPERUNIT>
       </RATEDETAILS.LIST>
       <SUPPLEMENTARYDUTYHEADDETAILS.LIST>       </SUPPLEMENTARYDUTYHEADDETAILS.LIST>
       <TAXOBJECTALLOCATIONS.LIST>       </TAXOBJECTALLOCATIONS.LIST>
       <COSTTRACKALLOCATIONS.LIST>       </COSTTRACKALLOCATIONS.LIST>
       <REFVOUCHERDETAILS.LIST>       </REFVOUCHERDETAILS.LIST>
       <EXCISEALLOCATIONS.LIST>       </EXCISEALLOCATIONS.LIST>
       <EXPENSEALLOCATIONS.LIST>       </EXPENSEALLOCATIONS.LIST>
      </INVENTORYALLOCATIONS.LIST>
      <INVENTORYALLOCATIONS.LIST>
       <ORIGINVOICEDATE/>
       <ORIGSALESINVDATE/>
       <DESCRIPTION/>
       <STOCKITEMNAME>Screw SS  38 X 8</STOCKITEMNAME>
       <STATNATURENAME/>
       <EXCISECLASSIFICATIONNAME/>
       <ISZRBASICSERVICE/>
       <STRDGSTDERIVEDLOCATIONTYPE/>
       <STRDGSTDERIVEDTAXABILITY/>
       <STRDGSTDERIVEDNATURETYPE/>
       <STRDGSTDERIVEDSUPPLYTYPE/>
       <GSTOVRDNCLASSIFICATION/>
       <GSTOVRDNNATURE/>
       <GSTOVRDNINELIGIBLEITC/>
       <GSTOVRDNISREVCHARGEAPPL>&#4; Not Applicable</GSTOVRDNISREVCHARGEAPPL>
       <GSTOVRDNTAXABILITY>Taxable</GSTOVRDNTAXABILITY>
       <GSTSOURCETYPE>Stock Item</GSTSOURCETYPE>
       <GSTITEMSOURCE>Screw SS  38 X 8</GSTITEMSOURCE>
       <GSTLEDGERSOURCE/>
       <GSTGROUPSOURCE/>
       <GSTSTOCKGROUPSOURCE/>
       <HSNSOURCETYPE>Stock Item</HSNSOURCETYPE>
       <HSNITEMSOURCE>Screw SS  38 X 8</HSNITEMSOURCE>
       <HSNLEDGERSOURCE/>
       <HSNGROUPSOURCE/>
       <HSNSTOCKGROUPSOURCE/>
       <GSTOVRDNSTOREDNATURE>&#4; System Inferred</GSTOVRDNSTOREDNATURE>
       <GSTOVRDNTYPEOFSUPPLY>Goods</GSTOVRDNTYPEOFSUPPLY>
       <GSTRATEINFERAPPLICABILITY>As per Masters/Company</GSTRATEINFERAPPLICABILITY>
       <GSTOVRDNNATUREOFGOODS/>
       <GSTHSNNAME>73181400</GSTHSNNAME>
       <GSTHSNDESCRIPTION/>
       <GSTHSNINFERAPPLICABILITY>As per Masters/Company</GSTHSNINFERAPPLICABILITY>
       <HSNOVRDNCLASSIFICATION/>
       <STRDGSTFINALNATUREOFENTRY/>
       <GSTDEPGSTCLASSIFICATION/>
       <GSTDEPHSNCLASSIFICATION/>
       <EXCISETARIFF/>
       <EXCISEEXEMPTION/>
       <TRADERCNSALESNUMBER/>
       <BASICPACKAGEMARKS/>
       <BASICNUMPACKAGES/>
       <SDTAXCLASSIFICATIONNAME/>
       <NATUREOFCOMPONENT/>
       <COMPONENTLISTTYPE/>
       <DISPLAYNATUREOFCOMPONENT/>
       <BOMNAME/>
       <ORIGINVOICENUMBER/>
       <ORIGINVOICEBOOKNAME/>
       <ORIGSALESINVNO/>
       <EXCISERETURNINVOICENO/>
       <REASONOFREJECTION/>
       <EXCISECREDITPARTY/>
       <EXCISECREDITSTKITEM/>
       <EXCISECREDITCATEGORY/>
       <TRADERSUPPLIERINVOICENO/>
       <EXCISESALESINVOICENO/>
       <GSTITEMUQC/>
       <GSTITEMUQCUOM/>
       <ADDLAMOUNT/>
       <ISDEEMEDPOSITIVE>No</ISDEEMEDPOSITIVE>
       <ISGSTASSESSABLEVALUEOVERRIDDEN/>
       <STRDISGSTAPPLICABLE/>
       <CONTENTNEGISPOS/>
       <ISLASTDEEMEDPOSITIVE>No</ISLASTDEEMEDPOSITIVE>
       <ISAUTONEGATE>No</ISAUTONEGATE>
       <ISCUSTOMSCLEARANCE/>
       <ISTRACKCOMPONENT/>
       <ISTRACKPRODUCTION/>
       <ISPRIMARYITEM/>
       <ISSCRAP>No</ISSCRAP>
       <RATE>335.00/pkts</RATE>
       <DISCOUNT>0</DISCOUNT>
       <VATTAXRATE>0</VATTAXRATE>
       <ORIGINVGOODSQTY>0</ORIGINVGOODSQTY>
       <EXCISEMRPABATEMENT>0</EXCISEMRPABATEMENT>
       <ADDLCOSTPERC>0</ADDLCOSTPERC>
       <REVISEDRATEOFDUTY>0</REVISEDRATEOFDUTY>
       <ORIGRATEOFDUTY>0</ORIGRATEOFDUTY>
       <ORIGMRPABATEMENT>0</ORIGMRPABATEMENT>
       <EXCISERETURNDUTYRATE>0</EXCISERETURNDUTYRATE>
       <GVATEXCISERATE>0</GVATEXCISERATE>
       <AMOUNT>1005.00</AMOUNT>
       <EXCISEASSESSABLEVALUE/>
       <CESSASSVALONCLASS/>
       <EIDISCOUNTAMT/>
       <VATASSESSABLEVALUE/>
       <VATWCDEDUCTAMT/>
       <WCTOTALDEDUCTIONAMT/>
       <ORIGINVGOODSVALUE/>
       <GSTOVRDNASSESSABLEVALUE/>
       <GSTASSBLVALUE/>
       <STRDCOMPUTEDASSESSABLEVALUE/>
       <STRDCOMPUTEDIGST/>
       <STRDCOMPUTEDCGST/>
       <STRDCOMPUTEDSGST/>
       <STRDCOMPUTEDCESS/>
       <STRDCOMPUTEDCESSONQTY/>
       <ORIGINVGOODSTAXVALUE/>
       <VATASSBLVALUE/>
       <VATACCEPTEDTAXAMT/>
       <VATACCEPTEDADDLTAXAMT/>
       <STRDAPPRSTATECESSGST/>
       <STRDAPPROPRIATEDDISCOUNT/>
       <STRDEXCISETAX/>
       <VATINPUTTAXCREDIT/>
       <VATELIGIBLECREDIT/>
       <GVATEXCISEAMT/>
       <ACTUALQTY> 3.00 pkts</ACTUALQTY>
       <BILLEDQTY> 3.00 pkts</BILLEDQTY>
       <ORIGACTUALQTY/>
       <ORIGBILLEDQTY/>
       <EXCISERETURNINVOICEQTY/>
       <USABLEQTY/>
       <EXCISECREDITPENDINGQTY/>
       <MRPRATE/>
       <EXCISEMRPRATE/>
       <ORIGRATE/>
       <REVISEDRATE/>
       <ESCALATIONRATE/>
       <ORIGMRPRATE/>
       <ORIGRATEOFQTY/>
       <REVISEDRATEOFQTY/>
       <INCLVATRATE/>
       <BATCHALLOCATIONS.LIST>
        <MFDON/>
        <ORDERYEAREND/>
        <TRACKINGYEAREND/>
        <ORDERPRECLOSUREDATE/>
        <NARRATION/>
        <GODOWNNAME>Main Location</GODOWNNAME>
        <BATCHNAME>Primary Batch</BATCHNAME>
        <DESTINATIONGODOWNNAME/>
        <INDENTNO>&#4; Not Applicable</INDENTNO>
        <ORDERTYPE/>
        <PARENTITEM/>
        <ORDERCLOSUREREASON/>
        <ORDERNO>&#4; Not Applicable</ORDERNO>
        <TRACKINGNUMBER>13010</TRACKINGNUMBER>
        <DYNAMICCSTNO/>
        <DYNAMICCSTPARENTITEM/>
        <SUMDYNAMICCSTNO/>
        <SUMBATCHNAME/>
        <SUMTRACKINGNUMBER/>
        <SUMORDERNO/>
        <SUMINDENTNO/>
        <ADDLAMOUNT/>
        <DYNAMICCSTISCLEARED>No</DYNAMICCSTISCLEARED>
        <TRACKID TYPE="Number"> 47377</TRACKID>
        <BATCHID TYPE="Number"> 24698</BATCHID>
        <BATCHDISCOUNT TYPE="Number">0</BATCHDISCOUNT>
        <AMOUNT>1005.00</AMOUNT>
        <ADDLEXPENSEAMOUNT/>
        <BATCHDIFFVAL/>
        <ACTUALQTY> 3.00 pkts</ACTUALQTY>
        <BILLEDQTY> 3.00 pkts</BILLEDQTY>
        <ORDERPRECLOSUREQTY/>
        <ORIGACTUALQTY/>
        <ORIGBILLEDQTY/>
        <BATCHPHYSDIFF/>
        <ORIGRATE/>
        <REVISEDRATE/>
        <ESCALATIONRATE/>
        <INCLVATRATE/>
        <BATCHRATE TYPE="Rate">335.00/pkts</BATCHRATE>
        <EXPIRYPERIOD/>
        <INDENTDUEDATE/>
        <ORDERDUEDATE/>
        <ADDITIONALDETAILS.LIST>        </ADDITIONALDETAILS.LIST>
        <VOUCHERCOMPONENTLIST.LIST>        </VOUCHERCOMPONENTLIST.LIST>
       </BATCHALLOCATIONS.LIST>
       <DUTYHEADDETAILS.LIST>       </DUTYHEADDETAILS.LIST>
       <RATEDETAILS.LIST>
        <GSTRATEDUTYHEAD>CGST</GSTRATEDUTYHEAD>
        <GSTRATEVALUATIONTYPE>Based on Value</GSTRATEVALUATIONTYPE>
        <GSTRATE> 9</GSTRATE>
        <GSTRATEPERUNIT>0</GSTRATEPERUNIT>
       </RATEDETAILS.LIST>
       <RATEDETAILS.LIST>
        <GSTRATEDUTYHEAD>SGST/UTGST</GSTRATEDUTYHEAD>
        <GSTRATEVALUATIONTYPE>Based on Value</GSTRATEVALUATIONTYPE>
        <GSTRATE> 9</GSTRATE>
        <GSTRATEPERUNIT>0</GSTRATEPERUNIT>
       </RATEDETAILS.LIST>
       <RATEDETAILS.LIST>
        <GSTRATEDUTYHEAD>IGST</GSTRATEDUTYHEAD>
        <GSTRATEVALUATIONTYPE>Based on Value</GSTRATEVALUATIONTYPE>
        <GSTRATE> 18</GSTRATE>
        <GSTRATEPERUNIT>0</GSTRATEPERUNIT>
       </RATEDETAILS.LIST>
       <RATEDETAILS.LIST>
        <GSTRATEDUTYHEAD>Cess</GSTRATEDUTYHEAD>
        <GSTRATEVALUATIONTYPE>&#4; Not Applicable</GSTRATEVALUATIONTYPE>
        <GSTRATE>0</GSTRATE>
        <GSTRATEPERUNIT>0</GSTRATEPERUNIT>
       </RATEDETAILS.LIST>
       <RATEDETAILS.LIST>
        <GSTRATEDUTYHEAD>State Cess</GSTRATEDUTYHEAD>
        <GSTRATEVALUATIONTYPE>Based on Value</GSTRATEVALUATIONTYPE>
        <GSTRATE>0</GSTRATE>
        <GSTRATEPERUNIT>0</GSTRATEPERUNIT>
       </RATEDETAILS.LIST>
       <SUPPLEMENTARYDUTYHEADDETAILS.LIST>       </SUPPLEMENTARYDUTYHEADDETAILS.LIST>
       <TAXOBJECTALLOCATIONS.LIST>       </TAXOBJECTALLOCATIONS.LIST>
       <COSTTRACKALLOCATIONS.LIST>       </COSTTRACKALLOCATIONS.LIST>
       <REFVOUCHERDETAILS.LIST>       </REFVOUCHERDETAILS.LIST>
       <EXCISEALLOCATIONS.LIST>       </EXCISEALLOCATIONS.LIST>
       <EXPENSEALLOCATIONS.LIST>       </EXPENSEALLOCATIONS.LIST>
      </INVENTORYALLOCATIONS.LIST>
      <DUTYHEADDETAILS.LIST>      </DUTYHEADDETAILS.LIST>
      <EXCISEDUTYHEADDETAILS.LIST>      </EXCISEDUTYHEADDETAILS.LIST>
      <RATEDETAILS.LIST>      </RATEDETAILS.LIST>
      <SUMMARYALLOCS.LIST>      </SUMMARYALLOCS.LIST>
      <CENVATDUTYALLOCATIONS.LIST>      </CENVATDUTYALLOCATIONS.LIST>
      <STPYMTDETAILS.LIST>      </STPYMTDETAILS.LIST>
      <EXCISEPAYMENTALLOCATIONS.LIST>      </EXCISEPAYMENTALLOCATIONS.LIST>
      <TAXBILLALLOCATIONS.LIST>      </TAXBILLALLOCATIONS.LIST>
      <TAXOBJECTALLOCATIONS.LIST>      </TAXOBJECTALLOCATIONS.LIST>
      <TDSEXPENSEALLOCATIONS.LIST>      </TDSEXPENSEALLOCATIONS.LIST>
      <VATSTATUTORYDETAILS.LIST>      </VATSTATUTORYDETAILS.LIST>
      <REFVOUCHERDETAILS.LIST>      </REFVOUCHERDETAILS.LIST>
      <INVOICEWISEDETAILS.LIST>      </INVOICEWISEDETAILS.LIST>
      <VATITCDETAILS.LIST>      </VATITCDETAILS.LIST>
      <ADVANCETAXDETAILS.LIST>      </ADVANCETAXDETAILS.LIST>
      <TAXTYPEALLOCATIONS.LIST>      </TAXTYPEALLOCATIONS.LIST>
     </ALLLEDGERENTRIES.LIST>
     <ALLLEDGERENTRIES.LIST>
      <OLDAUDITENTRYIDS.LIST TYPE="Number">
       <OLDAUDITENTRYIDS>-1</OLDAUDITENTRYIDS>
      </OLDAUDITENTRYIDS.LIST>
      <ORIGPURCHINVDATE/>
      <NARRATION/>
      <ADDLALLOCTYPE/>
      <TAXCLASSIFICATIONNAME/>
      <APPROPRIATEFOR>GST</APPROPRIATEFOR>
      <GSTDUTYHEAD/>
      <GSTAPPROPRIATETO>Goods</GSTAPPROPRIATETO>
      <NOTIFICATIONSLNO/>
      <EXCISEALLOCTYPE>Based on Value</EXCISEALLOCTYPE>
      <SWIFTCODE/>
      <ROUNDTYPE/>
      <LEDGERNAME>TEMPO CHARGES</LEDGERNAME>
      <TAXUNITNAME/>
      <STATNATURENAME/>
      <GOODSTYPE/>
      <VATTRADENAME/>
      <METHODTYPE/>
      <CLASSRATE/>
      <STATCLASSIFICATIONNAME/>
      <EXCISECLASSIFICATIONNAME/>
      <ISZRBASICSERVICE/>
      <VATCOMMODITYNAME/>
      <SCHEDULE/>
      <SCHEDULESERIALNUMBER/>
      <VATCOMMODITYCODE/>
      <VATSUBCOMMODITYCODE/>
      <VATMAJORCOMMODITYNAME/>
      <STRDGSTDERIVEDLOCATIONTYPE/>
      <STRDGSTDERIVEDTAXABILITY/>
      <STRDGSTDERIVEDNATURETYPE/>
      <STRDGSTDERIVEDSUPPLYTYPE/>
      <TDSPARTYNAME/>
      <VATPARTYORGNAME/>
      <XBRLADJTYPE/>
      <VOUCHERFBTCATEGORY/>
      <TYPEOFTAXPAYMENT/>
      <VATCALCULATIONTYPE/>
      <VATWORKSCONTRACTTYPE/>
      <VATWCDESCRIPTION/>
      <GSTCLASS>&#4; Not Applicable</GSTCLASS>
      <SCHVIADJTYPE/>
      <GSTOVRDNCLASSIFICATION/>
      <GSTOVRDNNATURE/>
      <GSTOVRDNINELIGIBLEITC/>
      <GSTOVRDNISREVCHARGEAPPL/>
      <GSTOVRDNTAXABILITY/>
      <GSTHSNSACCODE/>
      <GSTSOURCETYPE/>
      <GSTITEMSOURCE/>
      <GSTLEDGERSOURCE/>
      <GSTGROUPSOURCE/>
      <GSTSTOCKGROUPSOURCE/>
      <HSNSOURCETYPE/>
      <HSNITEMSOURCE/>
      <HSNLEDGERSOURCE/>
      <HSNGROUPSOURCE/>
      <HSNSTOCKGROUPSOURCE/>
      <GSTOVRDNSTOREDNATURE/>
      <GSTOVRDNTYPEOFSUPPLY/>
      <GSTRATEINFERAPPLICABILITY/>
      <GSTOVRDNNATUREOFGOODS/>
      <GSTHSNNAME/>
      <GSTHSNDESCRIPTION/>
      <GSTHSNINFERAPPLICABILITY/>
      <HSNOVRDNCLASSIFICATION/>
      <STRDGSTFINALNATUREOFENTRY/>
      <STRDGSTDUTYHEAD/>
      <VATGOODSNATURE/>
      <GSTDEPGSTCLASSIFICATION/>
      <GSTDEPHSNCLASSIFICATION/>
      <POSPAYMENTTYPE/>
      <GSTPARTYLEDGER/>
      <ORIGPURCHPARTY/>
      <ORIGPURCHPARTYADDRESS/>
      <ORIGPURCHINVNO/>
      <ORIGPURCHNOTE/>
      <ISDEEMEDPOSITIVE>No</ISDEEMEDPOSITIVE>
      <LEDGERFROMITEM>No</LEDGERFROMITEM>
      <REMOVEZEROENTRIES/>
      <ISPARTYLEDGER>No</ISPARTYLEDGER>
      <GSTOVERRIDDEN>No</GSTOVERRIDDEN>
      <ISGSTASSESSABLEVALUEOVERRIDDEN>No</ISGSTASSESSABLEVALUEOVERRIDDEN>
      <STRDISGSTAPPLICABLE>No</STRDISGSTAPPLICABLE>
      <STRDGSTISPARTYLEDGER>No</STRDGSTISPARTYLEDGER>
      <STRDGSTISDUTYLEDGER>No</STRDGSTISDUTYLEDGER>
      <CONTENTNEGISPOS/>
      <ISLASTDEEMEDPOSITIVE>No</ISLASTDEEMEDPOSITIVE>
      <ISCAPVATTAXALTERED/>
      <ISCAPVATNOTCLAIMED>No</ISCAPVATNOTCLAIMED>
      <STCRADJPERCENT>0</STCRADJPERCENT>
      <ROUNDLIMIT>0</ROUNDLIMIT>
      <RATEOFADDLVAT>0</RATEOFADDLVAT>
      <RATEOFCESSONVAT>0</RATEOFCESSONVAT>
      <VATTAXRATE>0</VATTAXRATE>
      <VATITEMQTY>0</VATITEMQTY>
      <VATWCDEDUCTRATE>0</VATWCDEDUCTRATE>
      <PREVINVTOTALNUM>0</PREVINVTOTALNUM>
      <VATWCDEDUCTIONRATE>0</VATWCDEDUCTIONRATE>
      <GSTTAXRATE>0</GSTTAXRATE>
      <ORIGINVGOODSQTY>0</ORIGINVGOODSQTY>
      <CAPVATTAXRATE>0</CAPVATTAXRATE>
      <AMOUNT>1800.00</AMOUNT>
      <CESSASSVALONCLASS/>
      <ADDNLVATCLASSAMT/>
      <EIDISCOUNTAMT/>
      <FBTEXEMPTAMOUNT/>
      <VATASSESSABLEVALUE/>
      <VATWCCOSTOFLAND/>
      <VATWCDEDLABOURCHARGES/>
      <VATWCOTHERDEDUCTIONAMT/>
      <VATWCVALUEOFTAXFREEGOODS/>
      <VATWCOTHERCHARGES/>
      <VATWCSUBCONTRACTORAMT/>
      <VATWCDEDUCTAMT/>
      <WCTOTALDEDUCTIONAMT/>
      <PREVAMOUNT/>
      <PREVINVTOTALAMT/>
      <VATWCDEDUCTIONAMOUNT/>
      <ORIGINVGOODSVALUE/>
      <CENVATCAPTINPUTAMT/>
      <GSTASSESSABLEVALUE/>
      <IGSTLIABILITY/>
      <CGSTLIABILITY/>
      <SGSTLIABILITY/>
      <GSTCESSLIABILITY/>
      <GSTOVRDNASSESSABLEVALUE/>
      <GSTASSBLVALUE/>
      <STRDCOMPUTEDASSESSABLEVALUE/>
      <STRDCOMPUTEDIGST/>
      <STRDCOMPUTEDCGST/>
      <STRDCOMPUTEDSGST/>
      <STRDCOMPUTEDCESS/>
      <STRDCOMPUTEDCESSONQTY/>
      <ORIGINVGOODSTAXVALUE/>
      <VATWCESTABLISHMENTCOST/>
      <VATWCCONTRACTORPROFIT/>
      <VATWCPLANNINGDESIGNFEES/>
      <VATWCMACHINERYTOOLSCHARGES/>
      <VATWCCONSUMABLESCOST/>
      <VATEXPAMOUNT>1800.00</VATEXPAMOUNT>
      <VATASSBLVALUE/>
      <VATACCEPTEDTAXAMT/>
      <VATACCEPTEDADDLTAXAMT/>
      <CASHRECEIVED/>
      <CAPVATASSEABLEVALUE/>
      <CAPVATTAXVALUE/>
      <ORIGPURCHVALUE/>
      <SUPPLYMARGVAL/>
      <STRDAPPRSTATECESSGST/>
      <STRDAPPROPRIATEDDISCOUNT/>
      <STRDEXCISETAX/>
      <SERVICETAXDETAILS.LIST>      </SERVICETAXDETAILS.LIST>
      <BANKALLOCATIONS.LIST>      </BANKALLOCATIONS.LIST>
      <BILLALLOCATIONS.LIST>      </BILLALLOCATIONS.LIST>
      <INTERESTCOLLECTION.LIST>      </INTERESTCOLLECTION.LIST>
      <OLDAUDITENTRIES.LIST>      </OLDAUDITENTRIES.LIST>
      <ACCOUNTAUDITENTRIES.LIST>      </ACCOUNTAUDITENTRIES.LIST>
      <AUDITENTRIES.LIST>      </AUDITENTRIES.LIST>
      <INPUTCRALLOCS.LIST>      </INPUTCRALLOCS.LIST>
      <DUTYHEADDETAILS.LIST>      </DUTYHEADDETAILS.LIST>
      <EXCISEDUTYHEADDETAILS.LIST>      </EXCISEDUTYHEADDETAILS.LIST>
      <RATEDETAILS.LIST>      </RATEDETAILS.LIST>
      <SUMMARYALLOCS.LIST>      </SUMMARYALLOCS.LIST>
      <CENVATDUTYALLOCATIONS.LIST>      </CENVATDUTYALLOCATIONS.LIST>
      <STPYMTDETAILS.LIST>      </STPYMTDETAILS.LIST>
      <EXCISEPAYMENTALLOCATIONS.LIST>      </EXCISEPAYMENTALLOCATIONS.LIST>
      <TAXBILLALLOCATIONS.LIST>      </TAXBILLALLOCATIONS.LIST>
      <TAXOBJECTALLOCATIONS.LIST>      </TAXOBJECTALLOCATIONS.LIST>
      <TDSEXPENSEALLOCATIONS.LIST>      </TDSEXPENSEALLOCATIONS.LIST>
      <VATSTATUTORYDETAILS.LIST>      </VATSTATUTORYDETAILS.LIST>
      <COSTTRACKALLOCATIONS.LIST>      </COSTTRACKALLOCATIONS.LIST>
      <REFVOUCHERDETAILS.LIST>      </REFVOUCHERDETAILS.LIST>
      <INVOICEWISEDETAILS.LIST>      </INVOICEWISEDETAILS.LIST>
      <VATITCDETAILS.LIST>      </VATITCDETAILS.LIST>
      <ADVANCETAXDETAILS.LIST>      </ADVANCETAXDETAILS.LIST>
      <TAXTYPEALLOCATIONS.LIST>      </TAXTYPEALLOCATIONS.LIST>
     </ALLLEDGERENTRIES.LIST>
     <ALLLEDGERENTRIES.LIST>
      <OLDAUDITENTRYIDS.LIST TYPE="Number">
       <OLDAUDITENTRYIDS>-1</OLDAUDITENTRYIDS>
      </OLDAUDITENTRYIDS.LIST>
      <ORIGPURCHINVDATE/>
      <NARRATION/>
      <ADDLALLOCTYPE/>
      <TAXCLASSIFICATIONNAME/>
      <APPROPRIATEFOR>GST</APPROPRIATEFOR>
      <GSTDUTYHEAD/>
      <GSTAPPROPRIATETO>Goods</GSTAPPROPRIATETO>
      <NOTIFICATIONSLNO/>
      <EXCISEALLOCTYPE>Based on Value</EXCISEALLOCTYPE>
      <SWIFTCODE/>
      <ROUNDTYPE/>
      <LEDGERNAME>UNLOADING CHARGES  18%</LEDGERNAME>
      <TAXUNITNAME/>
      <STATNATURENAME/>
      <GOODSTYPE/>
      <VATTRADENAME/>
      <METHODTYPE/>
      <CLASSRATE/>
      <STATCLASSIFICATIONNAME/>
      <EXCISECLASSIFICATIONNAME/>
      <ISZRBASICSERVICE/>
      <VATCOMMODITYNAME/>
      <SCHEDULE/>
      <SCHEDULESERIALNUMBER/>
      <VATCOMMODITYCODE/>
      <VATSUBCOMMODITYCODE/>
      <VATMAJORCOMMODITYNAME/>
      <STRDGSTDERIVEDLOCATIONTYPE/>
      <STRDGSTDERIVEDTAXABILITY/>
      <STRDGSTDERIVEDNATURETYPE/>
      <STRDGSTDERIVEDSUPPLYTYPE/>
      <TDSPARTYNAME/>
      <VATPARTYORGNAME/>
      <XBRLADJTYPE/>
      <VOUCHERFBTCATEGORY/>
      <TYPEOFTAXPAYMENT/>
      <VATCALCULATIONTYPE/>
      <VATWORKSCONTRACTTYPE/>
      <VATWCDESCRIPTION/>
      <GSTCLASS>&#4; Not Applicable</GSTCLASS>
      <SCHVIADJTYPE/>
      <GSTOVRDNCLASSIFICATION/>
      <GSTOVRDNNATURE/>
      <GSTOVRDNINELIGIBLEITC/>
      <GSTOVRDNISREVCHARGEAPPL/>
      <GSTOVRDNTAXABILITY/>
      <GSTHSNSACCODE/>
      <GSTSOURCETYPE/>
      <GSTITEMSOURCE/>
      <GSTLEDGERSOURCE/>
      <GSTGROUPSOURCE/>
      <GSTSTOCKGROUPSOURCE/>
      <HSNSOURCETYPE/>
      <HSNITEMSOURCE/>
      <HSNLEDGERSOURCE/>
      <HSNGROUPSOURCE/>
      <HSNSTOCKGROUPSOURCE/>
      <GSTOVRDNSTOREDNATURE/>
      <GSTOVRDNTYPEOFSUPPLY/>
      <GSTRATEINFERAPPLICABILITY/>
      <GSTOVRDNNATUREOFGOODS/>
      <GSTHSNNAME/>
      <GSTHSNDESCRIPTION/>
      <GSTHSNINFERAPPLICABILITY/>
      <HSNOVRDNCLASSIFICATION/>
      <STRDGSTFINALNATUREOFENTRY/>
      <STRDGSTDUTYHEAD/>
      <VATGOODSNATURE/>
      <GSTDEPGSTCLASSIFICATION/>
      <GSTDEPHSNCLASSIFICATION/>
      <POSPAYMENTTYPE/>
      <GSTPARTYLEDGER/>
      <ORIGPURCHPARTY/>
      <ORIGPURCHPARTYADDRESS/>
      <ORIGPURCHINVNO/>
      <ORIGPURCHNOTE/>
      <ISDEEMEDPOSITIVE>No</ISDEEMEDPOSITIVE>
      <LEDGERFROMITEM>No</LEDGERFROMITEM>
      <REMOVEZEROENTRIES/>
      <ISPARTYLEDGER>No</ISPARTYLEDGER>
      <GSTOVERRIDDEN>No</GSTOVERRIDDEN>
      <ISGSTASSESSABLEVALUEOVERRIDDEN>No</ISGSTASSESSABLEVALUEOVERRIDDEN>
      <STRDISGSTAPPLICABLE>No</STRDISGSTAPPLICABLE>
      <STRDGSTISPARTYLEDGER>No</STRDGSTISPARTYLEDGER>
      <STRDGSTISDUTYLEDGER>No</STRDGSTISDUTYLEDGER>
      <CONTENTNEGISPOS/>
      <ISLASTDEEMEDPOSITIVE>No</ISLASTDEEMEDPOSITIVE>
      <ISCAPVATTAXALTERED/>
      <ISCAPVATNOTCLAIMED>No</ISCAPVATNOTCLAIMED>
      <STCRADJPERCENT>0</STCRADJPERCENT>
      <ROUNDLIMIT>0</ROUNDLIMIT>
      <RATEOFADDLVAT>0</RATEOFADDLVAT>
      <RATEOFCESSONVAT>0</RATEOFCESSONVAT>
      <VATTAXRATE>0</VATTAXRATE>
      <VATITEMQTY>0</VATITEMQTY>
      <VATWCDEDUCTRATE>0</VATWCDEDUCTRATE>
      <PREVINVTOTALNUM>0</PREVINVTOTALNUM>
      <VATWCDEDUCTIONRATE>0</VATWCDEDUCTIONRATE>
      <GSTTAXRATE>0</GSTTAXRATE>
      <ORIGINVGOODSQTY>0</ORIGINVGOODSQTY>
      <CAPVATTAXRATE>0</CAPVATTAXRATE>
      <AMOUNT>2200.00</AMOUNT>
      <CESSASSVALONCLASS/>
      <ADDNLVATCLASSAMT/>
      <EIDISCOUNTAMT/>
      <FBTEXEMPTAMOUNT/>
      <VATASSESSABLEVALUE/>
      <VATWCCOSTOFLAND/>
      <VATWCDEDLABOURCHARGES/>
      <VATWCOTHERDEDUCTIONAMT/>
      <VATWCVALUEOFTAXFREEGOODS/>
      <VATWCOTHERCHARGES/>
      <VATWCSUBCONTRACTORAMT/>
      <VATWCDEDUCTAMT/>
      <WCTOTALDEDUCTIONAMT/>
      <PREVAMOUNT/>
      <PREVINVTOTALAMT/>
      <VATWCDEDUCTIONAMOUNT/>
      <ORIGINVGOODSVALUE/>
      <CENVATCAPTINPUTAMT/>
      <GSTASSESSABLEVALUE/>
      <IGSTLIABILITY/>
      <CGSTLIABILITY/>
      <SGSTLIABILITY/>
      <GSTCESSLIABILITY/>
      <GSTOVRDNASSESSABLEVALUE/>
      <GSTASSBLVALUE/>
      <STRDCOMPUTEDASSESSABLEVALUE/>
      <STRDCOMPUTEDIGST/>
      <STRDCOMPUTEDCGST/>
      <STRDCOMPUTEDSGST/>
      <STRDCOMPUTEDCESS/>
      <STRDCOMPUTEDCESSONQTY/>
      <ORIGINVGOODSTAXVALUE/>
      <VATWCESTABLISHMENTCOST/>
      <VATWCCONTRACTORPROFIT/>
      <VATWCPLANNINGDESIGNFEES/>
      <VATWCMACHINERYTOOLSCHARGES/>
      <VATWCCONSUMABLESCOST/>
      <VATEXPAMOUNT>2200.00</VATEXPAMOUNT>
      <VATASSBLVALUE/>
      <VATACCEPTEDTAXAMT/>
      <VATACCEPTEDADDLTAXAMT/>
      <CASHRECEIVED/>
      <CAPVATASSEABLEVALUE/>
      <CAPVATTAXVALUE/>
      <ORIGPURCHVALUE/>
      <SUPPLYMARGVAL/>
      <STRDAPPRSTATECESSGST/>
      <STRDAPPROPRIATEDDISCOUNT/>
      <STRDEXCISETAX/>
      <SERVICETAXDETAILS.LIST>      </SERVICETAXDETAILS.LIST>
      <BANKALLOCATIONS.LIST>      </BANKALLOCATIONS.LIST>
      <BILLALLOCATIONS.LIST>      </BILLALLOCATIONS.LIST>
      <INTERESTCOLLECTION.LIST>      </INTERESTCOLLECTION.LIST>
      <OLDAUDITENTRIES.LIST>      </OLDAUDITENTRIES.LIST>
      <ACCOUNTAUDITENTRIES.LIST>      </ACCOUNTAUDITENTRIES.LIST>
      <AUDITENTRIES.LIST>      </AUDITENTRIES.LIST>
      <INPUTCRALLOCS.LIST>      </INPUTCRALLOCS.LIST>
      <DUTYHEADDETAILS.LIST>      </DUTYHEADDETAILS.LIST>
      <EXCISEDUTYHEADDETAILS.LIST>      </EXCISEDUTYHEADDETAILS.LIST>
      <RATEDETAILS.LIST>      </RATEDETAILS.LIST>
      <SUMMARYALLOCS.LIST>      </SUMMARYALLOCS.LIST>
      <CENVATDUTYALLOCATIONS.LIST>      </CENVATDUTYALLOCATIONS.LIST>
      <STPYMTDETAILS.LIST>      </STPYMTDETAILS.LIST>
      <EXCISEPAYMENTALLOCATIONS.LIST>      </EXCISEPAYMENTALLOCATIONS.LIST>
      <TAXBILLALLOCATIONS.LIST>      </TAXBILLALLOCATIONS.LIST>
      <TAXOBJECTALLOCATIONS.LIST>      </TAXOBJECTALLOCATIONS.LIST>
      <TDSEXPENSEALLOCATIONS.LIST>      </TDSEXPENSEALLOCATIONS.LIST>
      <VATSTATUTORYDETAILS.LIST>      </VATSTATUTORYDETAILS.LIST>
      <COSTTRACKALLOCATIONS.LIST>      </COSTTRACKALLOCATIONS.LIST>
      <REFVOUCHERDETAILS.LIST>      </REFVOUCHERDETAILS.LIST>
      <INVOICEWISEDETAILS.LIST>      </INVOICEWISEDETAILS.LIST>
      <VATITCDETAILS.LIST>      </VATITCDETAILS.LIST>
      <ADVANCETAXDETAILS.LIST>      </ADVANCETAXDETAILS.LIST>
      <TAXTYPEALLOCATIONS.LIST>      </TAXTYPEALLOCATIONS.LIST>
     </ALLLEDGERENTRIES.LIST>
     <ALLLEDGERENTRIES.LIST>
      <OLDAUDITENTRYIDS.LIST TYPE="Number">
       <OLDAUDITENTRYIDS>-1</OLDAUDITENTRYIDS>
      </OLDAUDITENTRYIDS.LIST>
      <ORIGPURCHINVDATE/>
      <NARRATION/>
      <ADDLALLOCTYPE/>
      <TAXCLASSIFICATIONNAME/>
      <APPROPRIATEFOR/>
      <GSTDUTYHEAD/>
      <GSTAPPROPRIATETO/>
      <NOTIFICATIONSLNO/>
      <EXCISEALLOCTYPE/>
      <SWIFTCODE/>
      <ROUNDTYPE>&#4; Not Applicable</ROUNDTYPE>
      <LEDGERNAME>CGST</LEDGERNAME>
      <TAXUNITNAME/>
      <STATNATURENAME/>
      <GOODSTYPE/>
      <VATTRADENAME/>
      <METHODTYPE/>
      <CLASSRATE/>
      <STATCLASSIFICATIONNAME/>
      <EXCISECLASSIFICATIONNAME/>
      <ISZRBASICSERVICE/>
      <VATCOMMODITYNAME/>
      <SCHEDULE/>
      <SCHEDULESERIALNUMBER/>
      <VATCOMMODITYCODE/>
      <VATSUBCOMMODITYCODE/>
      <VATMAJORCOMMODITYNAME/>
      <STRDGSTDERIVEDLOCATIONTYPE/>
      <STRDGSTDERIVEDTAXABILITY/>
      <STRDGSTDERIVEDNATURETYPE/>
      <STRDGSTDERIVEDSUPPLYTYPE/>
      <TDSPARTYNAME/>
      <VATPARTYORGNAME/>
      <XBRLADJTYPE/>
      <VOUCHERFBTCATEGORY/>
      <TYPEOFTAXPAYMENT/>
      <VATCALCULATIONTYPE/>
      <VATWORKSCONTRACTTYPE/>
      <VATWCDESCRIPTION/>
      <GSTCLASS>&#4; Not Applicable</GSTCLASS>
      <SCHVIADJTYPE/>
      <GSTOVRDNCLASSIFICATION/>
      <GSTOVRDNNATURE/>
      <GSTOVRDNINELIGIBLEITC/>
      <GSTOVRDNISREVCHARGEAPPL/>
      <GSTOVRDNTAXABILITY/>
      <GSTHSNSACCODE/>
      <GSTSOURCETYPE/>
      <GSTITEMSOURCE/>
      <GSTLEDGERSOURCE/>
      <GSTGROUPSOURCE/>
      <GSTSTOCKGROUPSOURCE/>
      <HSNSOURCETYPE/>
      <HSNITEMSOURCE/>
      <HSNLEDGERSOURCE/>
      <HSNGROUPSOURCE/>
      <HSNSTOCKGROUPSOURCE/>
      <GSTOVRDNSTOREDNATURE/>
      <GSTOVRDNTYPEOFSUPPLY/>
      <GSTRATEINFERAPPLICABILITY/>
      <GSTOVRDNNATUREOFGOODS/>
      <GSTHSNNAME/>
      <GSTHSNDESCRIPTION/>
      <GSTHSNINFERAPPLICABILITY/>
      <HSNOVRDNCLASSIFICATION/>
      <STRDGSTFINALNATUREOFENTRY/>
      <STRDGSTDUTYHEAD/>
      <VATGOODSNATURE/>
      <GSTDEPGSTCLASSIFICATION/>
      <GSTDEPHSNCLASSIFICATION/>
      <POSPAYMENTTYPE/>
      <GSTPARTYLEDGER/>
      <ORIGPURCHPARTY/>
      <ORIGPURCHPARTYADDRESS/>
      <ORIGPURCHINVNO/>
      <ORIGPURCHNOTE/>
      <ISDEEMEDPOSITIVE>No</ISDEEMEDPOSITIVE>
      <LEDGERFROMITEM>No</LEDGERFROMITEM>
      <REMOVEZEROENTRIES/>
      <ISPARTYLEDGER>No</ISPARTYLEDGER>
      <GSTOVERRIDDEN>No</GSTOVERRIDDEN>
      <ISGSTASSESSABLEVALUEOVERRIDDEN>No</ISGSTASSESSABLEVALUEOVERRIDDEN>
      <STRDISGSTAPPLICABLE>No</STRDISGSTAPPLICABLE>
      <STRDGSTISPARTYLEDGER>No</STRDGSTISPARTYLEDGER>
      <STRDGSTISDUTYLEDGER>No</STRDGSTISDUTYLEDGER>
      <CONTENTNEGISPOS/>
      <ISLASTDEEMEDPOSITIVE>No</ISLASTDEEMEDPOSITIVE>
      <ISCAPVATTAXALTERED/>
      <ISCAPVATNOTCLAIMED>No</ISCAPVATNOTCLAIMED>
      <STCRADJPERCENT>0</STCRADJPERCENT>
      <ROUNDLIMIT>0</ROUNDLIMIT>
      <RATEOFADDLVAT>0</RATEOFADDLVAT>
      <RATEOFCESSONVAT>0</RATEOFCESSONVAT>
      <VATTAXRATE>0</VATTAXRATE>
      <VATITEMQTY>0</VATITEMQTY>
      <VATWCDEDUCTRATE>0</VATWCDEDUCTRATE>
      <PREVINVTOTALNUM>0</PREVINVTOTALNUM>
      <VATWCDEDUCTIONRATE>0</VATWCDEDUCTIONRATE>
      <GSTTAXRATE>0</GSTTAXRATE>
      <ORIGINVGOODSQTY>0</ORIGINVGOODSQTY>
      <CAPVATTAXRATE>0</CAPVATTAXRATE>
      <AMOUNT>6163.02</AMOUNT>
      <CESSASSVALONCLASS/>
      <ADDNLVATCLASSAMT/>
      <EIDISCOUNTAMT/>
      <FBTEXEMPTAMOUNT/>
      <VATASSESSABLEVALUE/>
      <VATWCCOSTOFLAND/>
      <VATWCDEDLABOURCHARGES/>
      <VATWCOTHERDEDUCTIONAMT/>
      <VATWCVALUEOFTAXFREEGOODS/>
      <VATWCOTHERCHARGES/>
      <VATWCSUBCONTRACTORAMT/>
      <VATWCDEDUCTAMT/>
      <WCTOTALDEDUCTIONAMT/>
      <PREVAMOUNT/>
      <PREVINVTOTALAMT/>
      <VATWCDEDUCTIONAMOUNT/>
      <ORIGINVGOODSVALUE/>
      <CENVATCAPTINPUTAMT/>
      <GSTASSESSABLEVALUE/>
      <IGSTLIABILITY/>
      <CGSTLIABILITY/>
      <SGSTLIABILITY/>
      <GSTCESSLIABILITY/>
      <GSTOVRDNASSESSABLEVALUE/>
      <GSTASSBLVALUE/>
      <STRDCOMPUTEDASSESSABLEVALUE/>
      <STRDCOMPUTEDIGST/>
      <STRDCOMPUTEDCGST/>
      <STRDCOMPUTEDSGST/>
      <STRDCOMPUTEDCESS/>
      <STRDCOMPUTEDCESSONQTY/>
      <ORIGINVGOODSTAXVALUE/>
      <VATWCESTABLISHMENTCOST/>
      <VATWCCONTRACTORPROFIT/>
      <VATWCPLANNINGDESIGNFEES/>
      <VATWCMACHINERYTOOLSCHARGES/>
      <VATWCCONSUMABLESCOST/>
      <VATEXPAMOUNT>6163.02</VATEXPAMOUNT>
      <VATASSBLVALUE/>
      <VATACCEPTEDTAXAMT/>
      <VATACCEPTEDADDLTAXAMT/>
      <CASHRECEIVED/>
      <CAPVATASSEABLEVALUE/>
      <CAPVATTAXVALUE/>
      <ORIGPURCHVALUE/>
      <SUPPLYMARGVAL/>
      <STRDAPPRSTATECESSGST/>
      <STRDAPPROPRIATEDDISCOUNT/>
      <STRDEXCISETAX/>
      <SERVICETAXDETAILS.LIST>      </SERVICETAXDETAILS.LIST>
      <BANKALLOCATIONS.LIST>      </BANKALLOCATIONS.LIST>
      <BILLALLOCATIONS.LIST>      </BILLALLOCATIONS.LIST>
      <INTERESTCOLLECTION.LIST>      </INTERESTCOLLECTION.LIST>
      <OLDAUDITENTRIES.LIST>      </OLDAUDITENTRIES.LIST>
      <ACCOUNTAUDITENTRIES.LIST>      </ACCOUNTAUDITENTRIES.LIST>
      <AUDITENTRIES.LIST>      </AUDITENTRIES.LIST>
      <INPUTCRALLOCS.LIST>      </INPUTCRALLOCS.LIST>
      <DUTYHEADDETAILS.LIST>      </DUTYHEADDETAILS.LIST>
      <EXCISEDUTYHEADDETAILS.LIST>      </EXCISEDUTYHEADDETAILS.LIST>
      <RATEDETAILS.LIST>      </RATEDETAILS.LIST>
      <SUMMARYALLOCS.LIST>      </SUMMARYALLOCS.LIST>
      <CENVATDUTYALLOCATIONS.LIST>      </CENVATDUTYALLOCATIONS.LIST>
      <STPYMTDETAILS.LIST>      </STPYMTDETAILS.LIST>
      <EXCISEPAYMENTALLOCATIONS.LIST>      </EXCISEPAYMENTALLOCATIONS.LIST>
      <TAXBILLALLOCATIONS.LIST>      </TAXBILLALLOCATIONS.LIST>
      <TAXOBJECTALLOCATIONS.LIST>      </TAXOBJECTALLOCATIONS.LIST>
      <TDSEXPENSEALLOCATIONS.LIST>      </TDSEXPENSEALLOCATIONS.LIST>
      <VATSTATUTORYDETAILS.LIST>      </VATSTATUTORYDETAILS.LIST>
      <COSTTRACKALLOCATIONS.LIST>      </COSTTRACKALLOCATIONS.LIST>
      <REFVOUCHERDETAILS.LIST>      </REFVOUCHERDETAILS.LIST>
      <INVOICEWISEDETAILS.LIST>      </INVOICEWISEDETAILS.LIST>
      <VATITCDETAILS.LIST>      </VATITCDETAILS.LIST>
      <ADVANCETAXDETAILS.LIST>      </ADVANCETAXDETAILS.LIST>
      <TAXTYPEALLOCATIONS.LIST>      </TAXTYPEALLOCATIONS.LIST>
     </ALLLEDGERENTRIES.LIST>
     <ALLLEDGERENTRIES.LIST>
      <OLDAUDITENTRYIDS.LIST TYPE="Number">
       <OLDAUDITENTRYIDS>-1</OLDAUDITENTRYIDS>
      </OLDAUDITENTRYIDS.LIST>
      <ORIGPURCHINVDATE/>
      <NARRATION/>
      <ADDLALLOCTYPE/>
      <TAXCLASSIFICATIONNAME/>
      <APPROPRIATEFOR/>
      <GSTDUTYHEAD/>
      <GSTAPPROPRIATETO/>
      <NOTIFICATIONSLNO/>
      <EXCISEALLOCTYPE/>
      <SWIFTCODE/>
      <ROUNDTYPE>&#4; Not Applicable</ROUNDTYPE>
      <LEDGERNAME>SGST</LEDGERNAME>
      <TAXUNITNAME/>
      <STATNATURENAME/>
      <GOODSTYPE/>
      <VATTRADENAME/>
      <METHODTYPE/>
      <CLASSRATE/>
      <STATCLASSIFICATIONNAME/>
      <EXCISECLASSIFICATIONNAME/>
      <ISZRBASICSERVICE/>
      <VATCOMMODITYNAME/>
      <SCHEDULE/>
      <SCHEDULESERIALNUMBER/>
      <VATCOMMODITYCODE/>
      <VATSUBCOMMODITYCODE/>
      <VATMAJORCOMMODITYNAME/>
      <STRDGSTDERIVEDLOCATIONTYPE/>
      <STRDGSTDERIVEDTAXABILITY/>
      <STRDGSTDERIVEDNATURETYPE/>
      <STRDGSTDERIVEDSUPPLYTYPE/>
      <TDSPARTYNAME/>
      <VATPARTYORGNAME/>
      <XBRLADJTYPE/>
      <VOUCHERFBTCATEGORY/>
      <TYPEOFTAXPAYMENT/>
      <VATCALCULATIONTYPE/>
      <VATWORKSCONTRACTTYPE/>
      <VATWCDESCRIPTION/>
      <GSTCLASS>&#4; Not Applicable</GSTCLASS>
      <SCHVIADJTYPE/>
      <GSTOVRDNCLASSIFICATION/>
      <GSTOVRDNNATURE/>
      <GSTOVRDNINELIGIBLEITC/>
      <GSTOVRDNISREVCHARGEAPPL/>
      <GSTOVRDNTAXABILITY/>
      <GSTHSNSACCODE/>
      <GSTSOURCETYPE/>
      <GSTITEMSOURCE/>
      <GSTLEDGERSOURCE/>
      <GSTGROUPSOURCE/>
      <GSTSTOCKGROUPSOURCE/>
      <HSNSOURCETYPE/>
      <HSNITEMSOURCE/>
      <HSNLEDGERSOURCE/>
      <HSNGROUPSOURCE/>
      <HSNSTOCKGROUPSOURCE/>
      <GSTOVRDNSTOREDNATURE/>
      <GSTOVRDNTYPEOFSUPPLY/>
      <GSTRATEINFERAPPLICABILITY/>
      <GSTOVRDNNATUREOFGOODS/>
      <GSTHSNNAME/>
      <GSTHSNDESCRIPTION/>
      <GSTHSNINFERAPPLICABILITY/>
      <HSNOVRDNCLASSIFICATION/>
      <STRDGSTFINALNATUREOFENTRY/>
      <STRDGSTDUTYHEAD/>
      <VATGOODSNATURE/>
      <GSTDEPGSTCLASSIFICATION/>
      <GSTDEPHSNCLASSIFICATION/>
      <POSPAYMENTTYPE/>
      <GSTPARTYLEDGER/>
      <ORIGPURCHPARTY/>
      <ORIGPURCHPARTYADDRESS/>
      <ORIGPURCHINVNO/>
      <ORIGPURCHNOTE/>
      <ISDEEMEDPOSITIVE>No</ISDEEMEDPOSITIVE>
      <LEDGERFROMITEM>No</LEDGERFROMITEM>
      <REMOVEZEROENTRIES/>
      <ISPARTYLEDGER>No</ISPARTYLEDGER>
      <GSTOVERRIDDEN>No</GSTOVERRIDDEN>
      <ISGSTASSESSABLEVALUEOVERRIDDEN>No</ISGSTASSESSABLEVALUEOVERRIDDEN>
      <STRDISGSTAPPLICABLE>No</STRDISGSTAPPLICABLE>
      <STRDGSTISPARTYLEDGER>No</STRDGSTISPARTYLEDGER>
      <STRDGSTISDUTYLEDGER>No</STRDGSTISDUTYLEDGER>
      <CONTENTNEGISPOS/>
      <ISLASTDEEMEDPOSITIVE>No</ISLASTDEEMEDPOSITIVE>
      <ISCAPVATTAXALTERED/>
      <ISCAPVATNOTCLAIMED>No</ISCAPVATNOTCLAIMED>
      <STCRADJPERCENT>0</STCRADJPERCENT>
      <ROUNDLIMIT>0</ROUNDLIMIT>
      <RATEOFADDLVAT>0</RATEOFADDLVAT>
      <RATEOFCESSONVAT>0</RATEOFCESSONVAT>
      <VATTAXRATE>0</VATTAXRATE>
      <VATITEMQTY>0</VATITEMQTY>
      <VATWCDEDUCTRATE>0</VATWCDEDUCTRATE>
      <PREVINVTOTALNUM>0</PREVINVTOTALNUM>
      <VATWCDEDUCTIONRATE>0</VATWCDEDUCTIONRATE>
      <GSTTAXRATE>0</GSTTAXRATE>
      <ORIGINVGOODSQTY>0</ORIGINVGOODSQTY>
      <CAPVATTAXRATE>0</CAPVATTAXRATE>
      <AMOUNT>6163.02</AMOUNT>
      <CESSASSVALONCLASS/>
      <ADDNLVATCLASSAMT/>
      <EIDISCOUNTAMT/>
      <FBTEXEMPTAMOUNT/>
      <VATASSESSABLEVALUE/>
      <VATWCCOSTOFLAND/>
      <VATWCDEDLABOURCHARGES/>
      <VATWCOTHERDEDUCTIONAMT/>
      <VATWCVALUEOFTAXFREEGOODS/>
      <VATWCOTHERCHARGES/>
      <VATWCSUBCONTRACTORAMT/>
      <VATWCDEDUCTAMT/>
      <WCTOTALDEDUCTIONAMT/>
      <PREVAMOUNT/>
      <PREVINVTOTALAMT/>
      <VATWCDEDUCTIONAMOUNT/>
      <ORIGINVGOODSVALUE/>
      <CENVATCAPTINPUTAMT/>
      <GSTASSESSABLEVALUE/>
      <IGSTLIABILITY/>
      <CGSTLIABILITY/>
      <SGSTLIABILITY/>
      <GSTCESSLIABILITY/>
      <GSTOVRDNASSESSABLEVALUE/>
      <GSTASSBLVALUE/>
      <STRDCOMPUTEDASSESSABLEVALUE/>
      <STRDCOMPUTEDIGST/>
      <STRDCOMPUTEDCGST/>
      <STRDCOMPUTEDSGST/>
      <STRDCOMPUTEDCESS/>
      <STRDCOMPUTEDCESSONQTY/>
      <ORIGINVGOODSTAXVALUE/>
      <VATWCESTABLISHMENTCOST/>
      <VATWCCONTRACTORPROFIT/>
      <VATWCPLANNINGDESIGNFEES/>
      <VATWCMACHINERYTOOLSCHARGES/>
      <VATWCCONSUMABLESCOST/>
      <VATEXPAMOUNT>6163.02</VATEXPAMOUNT>
      <VATASSBLVALUE/>
      <VATACCEPTEDTAXAMT/>
      <VATACCEPTEDADDLTAXAMT/>
      <CASHRECEIVED/>
      <CAPVATASSEABLEVALUE/>
      <CAPVATTAXVALUE/>
      <ORIGPURCHVALUE/>
      <SUPPLYMARGVAL/>
      <STRDAPPRSTATECESSGST/>
      <STRDAPPROPRIATEDDISCOUNT/>
      <STRDEXCISETAX/>
      <SERVICETAXDETAILS.LIST>      </SERVICETAXDETAILS.LIST>
      <BANKALLOCATIONS.LIST>      </BANKALLOCATIONS.LIST>
      <BILLALLOCATIONS.LIST>      </BILLALLOCATIONS.LIST>
      <INTERESTCOLLECTION.LIST>      </INTERESTCOLLECTION.LIST>
      <OLDAUDITENTRIES.LIST>      </OLDAUDITENTRIES.LIST>
      <ACCOUNTAUDITENTRIES.LIST>      </ACCOUNTAUDITENTRIES.LIST>
      <AUDITENTRIES.LIST>      </AUDITENTRIES.LIST>
      <INPUTCRALLOCS.LIST>      </INPUTCRALLOCS.LIST>
      <DUTYHEADDETAILS.LIST>      </DUTYHEADDETAILS.LIST>
      <EXCISEDUTYHEADDETAILS.LIST>      </EXCISEDUTYHEADDETAILS.LIST>
      <RATEDETAILS.LIST>      </RATEDETAILS.LIST>
      <SUMMARYALLOCS.LIST>      </SUMMARYALLOCS.LIST>
      <CENVATDUTYALLOCATIONS.LIST>      </CENVATDUTYALLOCATIONS.LIST>
      <STPYMTDETAILS.LIST>      </STPYMTDETAILS.LIST>
      <EXCISEPAYMENTALLOCATIONS.LIST>      </EXCISEPAYMENTALLOCATIONS.LIST>
      <TAXBILLALLOCATIONS.LIST>      </TAXBILLALLOCATIONS.LIST>
      <TAXOBJECTALLOCATIONS.LIST>      </TAXOBJECTALLOCATIONS.LIST>
      <TDSEXPENSEALLOCATIONS.LIST>      </TDSEXPENSEALLOCATIONS.LIST>
      <VATSTATUTORYDETAILS.LIST>      </VATSTATUTORYDETAILS.LIST>
      <COSTTRACKALLOCATIONS.LIST>      </COSTTRACKALLOCATIONS.LIST>
      <REFVOUCHERDETAILS.LIST>      </REFVOUCHERDETAILS.LIST>
      <INVOICEWISEDETAILS.LIST>      </INVOICEWISEDETAILS.LIST>
      <VATITCDETAILS.LIST>      </VATITCDETAILS.LIST>
      <ADVANCETAXDETAILS.LIST>      </ADVANCETAXDETAILS.LIST>
      <TAXTYPEALLOCATIONS.LIST>      </TAXTYPEALLOCATIONS.LIST>
     </ALLLEDGERENTRIES.LIST>
     <ALLLEDGERENTRIES.LIST>
      <OLDAUDITENTRYIDS.LIST TYPE="Number">
       <OLDAUDITENTRYIDS>-1</OLDAUDITENTRYIDS>
      </OLDAUDITENTRYIDS.LIST>
      <ORIGPURCHINVDATE/>
      <NARRATION/>
      <ADDLALLOCTYPE/>
      <TAXCLASSIFICATIONNAME/>
      <APPROPRIATEFOR/>
      <GSTDUTYHEAD/>
      <GSTAPPROPRIATETO/>
      <NOTIFICATIONSLNO/>
      <EXCISEALLOCTYPE/>
      <SWIFTCODE/>
      <ROUNDTYPE>Normal Rounding</ROUNDTYPE>
      <LEDGERNAME>R/off Outward</LEDGERNAME>
      <TAXUNITNAME/>
      <STATNATURENAME/>
      <GOODSTYPE/>
      <VATTRADENAME/>
      <METHODTYPE/>
      <CLASSRATE/>
      <STATCLASSIFICATIONNAME/>
      <EXCISECLASSIFICATIONNAME/>
      <ISZRBASICSERVICE/>
      <VATCOMMODITYNAME/>
      <SCHEDULE/>
      <SCHEDULESERIALNUMBER/>
      <VATCOMMODITYCODE/>
      <VATSUBCOMMODITYCODE/>
      <VATMAJORCOMMODITYNAME/>
      <STRDGSTDERIVEDLOCATIONTYPE/>
      <STRDGSTDERIVEDTAXABILITY/>
      <STRDGSTDERIVEDNATURETYPE/>
      <STRDGSTDERIVEDSUPPLYTYPE/>
      <TDSPARTYNAME/>
      <VATPARTYORGNAME/>
      <XBRLADJTYPE/>
      <VOUCHERFBTCATEGORY/>
      <TYPEOFTAXPAYMENT/>
      <VATCALCULATIONTYPE/>
      <VATWORKSCONTRACTTYPE/>
      <VATWCDESCRIPTION/>
      <GSTCLASS>&#4; Not Applicable</GSTCLASS>
      <SCHVIADJTYPE/>
      <GSTOVRDNCLASSIFICATION/>
      <GSTOVRDNNATURE/>
      <GSTOVRDNINELIGIBLEITC/>
      <GSTOVRDNISREVCHARGEAPPL/>
      <GSTOVRDNTAXABILITY/>
      <GSTHSNSACCODE/>
      <GSTSOURCETYPE/>
      <GSTITEMSOURCE/>
      <GSTLEDGERSOURCE/>
      <GSTGROUPSOURCE/>
      <GSTSTOCKGROUPSOURCE/>
      <HSNSOURCETYPE/>
      <HSNITEMSOURCE/>
      <HSNLEDGERSOURCE/>
      <HSNGROUPSOURCE/>
      <HSNSTOCKGROUPSOURCE/>
      <GSTOVRDNSTOREDNATURE/>
      <GSTOVRDNTYPEOFSUPPLY/>
      <GSTRATEINFERAPPLICABILITY/>
      <GSTOVRDNNATUREOFGOODS/>
      <GSTHSNNAME/>
      <GSTHSNDESCRIPTION/>
      <GSTHSNINFERAPPLICABILITY/>
      <HSNOVRDNCLASSIFICATION/>
      <STRDGSTFINALNATUREOFENTRY/>
      <STRDGSTDUTYHEAD/>
      <VATGOODSNATURE/>
      <GSTDEPGSTCLASSIFICATION/>
      <GSTDEPHSNCLASSIFICATION/>
      <POSPAYMENTTYPE/>
      <GSTPARTYLEDGER/>
      <ORIGPURCHPARTY/>
      <ORIGPURCHPARTYADDRESS/>
      <ORIGPURCHINVNO/>
      <ORIGPURCHNOTE/>
      <ISDEEMEDPOSITIVE>No</ISDEEMEDPOSITIVE>
      <LEDGERFROMITEM>No</LEDGERFROMITEM>
      <REMOVEZEROENTRIES/>
      <ISPARTYLEDGER>No</ISPARTYLEDGER>
      <GSTOVERRIDDEN>No</GSTOVERRIDDEN>
      <ISGSTASSESSABLEVALUEOVERRIDDEN>No</ISGSTASSESSABLEVALUEOVERRIDDEN>
      <STRDISGSTAPPLICABLE>No</STRDISGSTAPPLICABLE>
      <STRDGSTISPARTYLEDGER>No</STRDGSTISPARTYLEDGER>
      <STRDGSTISDUTYLEDGER>No</STRDGSTISDUTYLEDGER>
      <CONTENTNEGISPOS/>
      <ISLASTDEEMEDPOSITIVE>No</ISLASTDEEMEDPOSITIVE>
      <ISCAPVATTAXALTERED/>
      <ISCAPVATNOTCLAIMED>No</ISCAPVATNOTCLAIMED>
      <STCRADJPERCENT>0</STCRADJPERCENT>
      <ROUNDLIMIT> 1</ROUNDLIMIT>
      <RATEOFADDLVAT>0</RATEOFADDLVAT>
      <RATEOFCESSONVAT>0</RATEOFCESSONVAT>
      <VATTAXRATE>0</VATTAXRATE>
      <VATITEMQTY>0</VATITEMQTY>
      <VATWCDEDUCTRATE>0</VATWCDEDUCTRATE>
      <PREVINVTOTALNUM>0</PREVINVTOTALNUM>
      <VATWCDEDUCTIONRATE>0</VATWCDEDUCTIONRATE>
      <GSTTAXRATE>0</GSTTAXRATE>
      <ORIGINVGOODSQTY>0</ORIGINVGOODSQTY>
      <CAPVATTAXRATE>0</CAPVATTAXRATE>
      <AMOUNT>-0.04</AMOUNT>
      <CESSASSVALONCLASS/>
      <ADDNLVATCLASSAMT/>
      <EIDISCOUNTAMT/>
      <FBTEXEMPTAMOUNT/>
      <VATASSESSABLEVALUE/>
      <VATWCCOSTOFLAND/>
      <VATWCDEDLABOURCHARGES/>
      <VATWCOTHERDEDUCTIONAMT/>
      <VATWCVALUEOFTAXFREEGOODS/>
      <VATWCOTHERCHARGES/>
      <VATWCSUBCONTRACTORAMT/>
      <VATWCDEDUCTAMT/>
      <WCTOTALDEDUCTIONAMT/>
      <PREVAMOUNT/>
      <PREVINVTOTALAMT/>
      <VATWCDEDUCTIONAMOUNT/>
      <ORIGINVGOODSVALUE/>
      <CENVATCAPTINPUTAMT/>
      <GSTASSESSABLEVALUE/>
      <IGSTLIABILITY/>
      <CGSTLIABILITY/>
      <SGSTLIABILITY/>
      <GSTCESSLIABILITY/>
      <GSTOVRDNASSESSABLEVALUE/>
      <GSTASSBLVALUE/>
      <STRDCOMPUTEDASSESSABLEVALUE/>
      <STRDCOMPUTEDIGST/>
      <STRDCOMPUTEDCGST/>
      <STRDCOMPUTEDSGST/>
      <STRDCOMPUTEDCESS/>
      <STRDCOMPUTEDCESSONQTY/>
      <ORIGINVGOODSTAXVALUE/>
      <VATWCESTABLISHMENTCOST/>
      <VATWCCONTRACTORPROFIT/>
      <VATWCPLANNINGDESIGNFEES/>
      <VATWCMACHINERYTOOLSCHARGES/>
      <VATWCCONSUMABLESCOST/>
      <VATEXPAMOUNT>-0.04</VATEXPAMOUNT>
      <VATASSBLVALUE/>
      <VATACCEPTEDTAXAMT/>
      <VATACCEPTEDADDLTAXAMT/>
      <CASHRECEIVED/>
      <CAPVATASSEABLEVALUE/>
      <CAPVATTAXVALUE/>
      <ORIGPURCHVALUE/>
      <SUPPLYMARGVAL/>
      <STRDAPPRSTATECESSGST/>
      <STRDAPPROPRIATEDDISCOUNT/>
      <STRDEXCISETAX/>
      <SERVICETAXDETAILS.LIST>      </SERVICETAXDETAILS.LIST>
      <BANKALLOCATIONS.LIST>      </BANKALLOCATIONS.LIST>
      <BILLALLOCATIONS.LIST>      </BILLALLOCATIONS.LIST>
      <INTERESTCOLLECTION.LIST>      </INTERESTCOLLECTION.LIST>
      <OLDAUDITENTRIES.LIST>      </OLDAUDITENTRIES.LIST>
      <ACCOUNTAUDITENTRIES.LIST>      </ACCOUNTAUDITENTRIES.LIST>
      <AUDITENTRIES.LIST>      </AUDITENTRIES.LIST>
      <INPUTCRALLOCS.LIST>      </INPUTCRALLOCS.LIST>
      <DUTYHEADDETAILS.LIST>      </DUTYHEADDETAILS.LIST>
      <EXCISEDUTYHEADDETAILS.LIST>      </EXCISEDUTYHEADDETAILS.LIST>
      <RATEDETAILS.LIST>      </RATEDETAILS.LIST>
      <SUMMARYALLOCS.LIST>      </SUMMARYALLOCS.LIST>
      <CENVATDUTYALLOCATIONS.LIST>      </CENVATDUTYALLOCATIONS.LIST>
      <STPYMTDETAILS.LIST>      </STPYMTDETAILS.LIST>
      <EXCISEPAYMENTALLOCATIONS.LIST>      </EXCISEPAYMENTALLOCATIONS.LIST>
      <TAXBILLALLOCATIONS.LIST>      </TAXBILLALLOCATIONS.LIST>
      <TAXOBJECTALLOCATIONS.LIST>      </TAXOBJECTALLOCATIONS.LIST>
      <TDSEXPENSEALLOCATIONS.LIST>      </TDSEXPENSEALLOCATIONS.LIST>
      <VATSTATUTORYDETAILS.LIST>      </VATSTATUTORYDETAILS.LIST>
      <COSTTRACKALLOCATIONS.LIST>      </COSTTRACKALLOCATIONS.LIST>
      <REFVOUCHERDETAILS.LIST>      </REFVOUCHERDETAILS.LIST>
      <INVOICEWISEDETAILS.LIST>      </INVOICEWISEDETAILS.LIST>
      <VATITCDETAILS.LIST>      </VATITCDETAILS.LIST>
      <ADVANCETAXDETAILS.LIST>      </ADVANCETAXDETAILS.LIST>
      <TAXTYPEALLOCATIONS.LIST>      </TAXTYPEALLOCATIONS.LIST>
     </ALLLEDGERENTRIES.LIST>
    </VOUCHER>
    <VOUCHER REMOTEID="fee08ce0-f94c-11d9-9523-00111181e7bb-00008f17" VCHKEY="fee08ce0-f94c-11d9-9523-00111181e7bb-0000b420:00000010" VCHTYPE="Sales GST" OBJVIEW="Invoice Voucher View">
     <DATE TYPE="Date">20260401</DATE>
     <GUID>fee08ce0-f94c-11d9-9523-00111181e7bb-00008f17</GUID>
     <REQUESTORRULE/>
     <VOUCHERTYPENAME>Sales GST</VOUCHERTYPENAME>
     <PARTYNAME TYPE="String">Symbiosis</PARTYNAME>
     <PARTYLEDGERNAME TYPE="String">Symbiosis</PARTYLEDGERNAME>
     <VOUCHERNUMBER>16699</VOUCHERNUMBER>
     <REFERENCE TYPE="String">13062</REFERENCE>
     <SERIALMASTER TYPE="String"></SERIALMASTER>
     <ARESERIALMASTER TYPE="String"></ARESERIALMASTER>
     <NUMBERINGSTYLE>Manual</NUMBERINGSTYLE>
     <PERSISTEDVIEW>Invoice Voucher View</PERSISTEDVIEW>
     <ISDELETED>No</ISDELETED>
     <ASORIGINAL>No</ASORIGINAL>
     <ISDEEMEDPOSITIVE TYPE="Logical">Yes</ISDEEMEDPOSITIVE>
     <EFFECTIVEDATE TYPE="Date">20260401</EFFECTIVEDATE>
     <ISINVOICE>Yes</ISINVOICE>
     <ASPAYSLIP>No</ASPAYSLIP>
     <ISDELETEDVCHRETAINED>No</ISDELETEDVCHRETAINED>
     <ISNEGISPOSSET TYPE="Logical">Yes</ISNEGISPOSSET>
     <MASTERID TYPE="Number"> 36631</MASTERID>
     <VOUCHERKEY TYPE="Number">198049531953168</VOUCHERKEY>
     <VOUCHERRETAINKEY TYPE="Number">30205</VOUCHERRETAINKEY>
     <REUSEHOLEID TYPE="Number">0</REUSEHOLEID>
     <VOUCHERNUMBERSERIES TYPE="String">Default</VOUCHERNUMBERSERIES>
     <ALLINVENTORYENTRIES.LIST>
      <BASICUSERDESCRIPTION.LIST TYPE="String">
       <BASICUSERDESCRIPTION>BWP IS 710</BASICUSERDESCRIPTION>
      </BASICUSERDESCRIPTION.LIST>
      <ORIGINVOICEDATE/>
      <ORIGSALESINVDATE/>
      <DESCRIPTION/>
      <STOCKITEMNAME>GreenPanel 2.44 x 1.22 x 19 MM</STOCKITEMNAME>
      <STATNATURENAME/>
      <EXCISECLASSIFICATIONNAME/>
      <ISZRBASICSERVICE/>
      <STRDGSTDERIVEDLOCATIONTYPE/>
      <STRDGSTDERIVEDTAXABILITY/>
      <STRDGSTDERIVEDNATURETYPE/>
      <STRDGSTDERIVEDSUPPLYTYPE/>
      <GSTOVRDNCLASSIFICATION/>
      <GSTOVRDNNATURE/>
      <GSTOVRDNINELIGIBLEITC/>
      <GSTOVRDNISREVCHARGEAPPL>&#4; Not Applicable</GSTOVRDNISREVCHARGEAPPL>
      <GSTOVRDNTAXABILITY>Taxable</GSTOVRDNTAXABILITY>
      <GSTSOURCETYPE>Stock Item</GSTSOURCETYPE>
      <GSTITEMSOURCE>GreenPanel 2.44 x 1.22 x 19 MM</GSTITEMSOURCE>
      <GSTLEDGERSOURCE/>
      <GSTGROUPSOURCE/>
      <GSTSTOCKGROUPSOURCE/>
      <HSNSOURCETYPE>Stock Item</HSNSOURCETYPE>
      <HSNITEMSOURCE>GreenPanel 2.44 x 1.22 x 19 MM</HSNITEMSOURCE>
      <HSNLEDGERSOURCE/>
      <HSNGROUPSOURCE/>
      <HSNSTOCKGROUPSOURCE/>
      <GSTOVRDNSTOREDNATURE>&#4; System Inferred</GSTOVRDNSTOREDNATURE>
      <GSTOVRDNTYPEOFSUPPLY>Goods</GSTOVRDNTYPEOFSUPPLY>
      <GSTRATEINFERAPPLICABILITY>As per Masters/Company</GSTRATEINFERAPPLICABILITY>
      <GSTOVRDNNATUREOFGOODS/>
      <GSTHSNNAME>44123190</GSTHSNNAME>
      <GSTHSNDESCRIPTION/>
      <GSTHSNINFERAPPLICABILITY>As per Masters/Company</GSTHSNINFERAPPLICABILITY>
      <HSNOVRDNCLASSIFICATION/>
      <STRDGSTFINALNATUREOFENTRY/>
      <GSTDEPGSTCLASSIFICATION/>
      <GSTDEPHSNCLASSIFICATION/>
      <EXCISETARIFF/>
      <EXCISEEXEMPTION/>
      <TRADERCNSALESNUMBER/>
      <BASICPACKAGEMARKS/>
      <BASICNUMPACKAGES/>
      <SDTAXCLASSIFICATIONNAME/>
      <NATUREOFCOMPONENT/>
      <COMPONENTLISTTYPE/>
      <DISPLAYNATUREOFCOMPONENT/>
      <BOMNAME/>
      <ORIGINVOICENUMBER/>
      <ORIGINVOICEBOOKNAME/>
      <ORIGSALESINVNO/>
      <EXCISERETURNINVOICENO/>
      <REASONOFREJECTION/>
      <EXCISECREDITPARTY/>
      <EXCISECREDITSTKITEM/>
      <EXCISECREDITCATEGORY/>
      <TRADERSUPPLIERINVOICENO/>
      <EXCISESALESINVOICENO/>
      <GSTITEMUQC/>
      <GSTITEMUQCUOM/>
      <ADDLAMOUNT/>
      <ISDEEMEDPOSITIVE>No</ISDEEMEDPOSITIVE>
      <ISGSTASSESSABLEVALUEOVERRIDDEN/>
      <STRDISGSTAPPLICABLE/>
      <CONTENTNEGISPOS/>
      <ISLASTDEEMEDPOSITIVE>No</ISLASTDEEMEDPOSITIVE>
      <ISAUTONEGATE>No</ISAUTONEGATE>
      <ISCUSTOMSCLEARANCE/>
      <ISTRACKCOMPONENT/>
      <ISTRACKPRODUCTION/>
      <ISPRIMARYITEM/>
      <ISSCRAP>No</ISSCRAP>
      <RATE>3312.00/nos</RATE>
      <DISCOUNT>0</DISCOUNT>
      <VATTAXRATE>0</VATTAXRATE>
      <ORIGINVGOODSQTY>0</ORIGINVGOODSQTY>
      <EXCISEMRPABATEMENT>0</EXCISEMRPABATEMENT>
      <ADDLCOSTPERC>0</ADDLCOSTPERC>
      <REVISEDRATEOFDUTY>0</REVISEDRATEOFDUTY>
      <ORIGRATEOFDUTY>0</ORIGRATEOFDUTY>
      <ORIGMRPABATEMENT>0</ORIGMRPABATEMENT>
      <EXCISERETURNDUTYRATE>0</EXCISERETURNDUTYRATE>
      <GVATEXCISERATE>0</GVATEXCISERATE>
      <AMOUNT>3312.00</AMOUNT>
      <EXCISEASSESSABLEVALUE/>
      <CESSASSVALONCLASS/>
      <EIDISCOUNTAMT/>
      <VATASSESSABLEVALUE/>
      <VATWCDEDUCTAMT/>
      <WCTOTALDEDUCTIONAMT/>
      <ORIGINVGOODSVALUE/>
      <GSTOVRDNASSESSABLEVALUE/>
      <GSTASSBLVALUE/>
      <STRDCOMPUTEDASSESSABLEVALUE/>
      <STRDCOMPUTEDIGST/>
      <STRDCOMPUTEDCGST/>
      <STRDCOMPUTEDSGST/>
      <STRDCOMPUTEDCESS/>
      <STRDCOMPUTEDCESSONQTY/>
      <ORIGINVGOODSTAXVALUE/>
      <VATASSBLVALUE/>
      <VATACCEPTEDTAXAMT/>
      <VATACCEPTEDADDLTAXAMT/>
      <STRDAPPRSTATECESSGST/>
      <STRDAPPROPRIATEDDISCOUNT/>
      <STRDEXCISETAX/>
      <VATINPUTTAXCREDIT/>
      <VATELIGIBLECREDIT/>
      <GVATEXCISEAMT/>
      <ACTUALQTY> 1.00 nos =  32.0000 sqft</ACTUALQTY>
      <BILLEDQTY> 1.00 nos =  32.0000 sqft</BILLEDQTY>
      <ORIGACTUALQTY/>
      <ORIGBILLEDQTY/>
      <EXCISERETURNINVOICEQTY/>
      <USABLEQTY/>
      <EXCISECREDITPENDINGQTY/>
      <MRPRATE/>
      <EXCISEMRPRATE/>
      <ORIGRATE/>
      <REVISEDRATE/>
      <ESCALATIONRATE/>
      <ORIGMRPRATE/>
      <ORIGRATEOFQTY/>
      <REVISEDRATEOFQTY/>
      <INCLVATRATE/>
      <BATCHALLOCATIONS.LIST>
       <MFDON/>
       <ORDERYEAREND/>
       <TRACKINGYEAREND/>
       <ORDERPRECLOSUREDATE/>
       <NARRATION/>
       <GODOWNNAME>Main Location</GODOWNNAME>
       <BATCHNAME>Primary Batch</BATCHNAME>
       <DESTINATIONGODOWNNAME/>
       <INDENTNO>&#4; Not Applicable</INDENTNO>
       <ORDERTYPE/>
       <PARENTITEM/>
       <ORDERCLOSUREREASON/>
       <ORDERNO>&#4; Not Applicable</ORDERNO>
       <TRACKINGNUMBER>13062</TRACKINGNUMBER>
       <DYNAMICCSTNO/>
       <DYNAMICCSTPARENTITEM/>
       <SUMDYNAMICCSTNO/>
       <SUMBATCHNAME/>
       <SUMTRACKINGNUMBER/>
       <SUMORDERNO/>
       <SUMINDENTNO/>
       <ADDLAMOUNT/>
       <DYNAMICCSTISCLEARED>No</DYNAMICCSTISCLEARED>
       <TRACKID TYPE="Number"> 47579</TRACKID>
       <BATCHID TYPE="Number"> 30843</BATCHID>
       <BATCHDISCOUNT TYPE="Number">0</BATCHDISCOUNT>
       <AMOUNT>3312.00</AMOUNT>
       <ADDLEXPENSEAMOUNT/>
       <BATCHDIFFVAL/>
       <ACTUALQTY> 1.00 nos =  32.0000 sqft</ACTUALQTY>
       <BILLEDQTY> 1.00 nos =  32.0000 sqft</BILLEDQTY>
       <ORDERPRECLOSUREQTY/>
       <ORIGACTUALQTY/>
       <ORIGBILLEDQTY/>
       <BATCHPHYSDIFF/>
       <ORIGRATE/>
       <REVISEDRATE/>
       <ESCALATIONRATE/>
       <INCLVATRATE/>
       <BATCHRATE TYPE="Rate">3312.00/nos</BATCHRATE>
       <EXPIRYPERIOD/>
       <INDENTDUEDATE/>
       <ORDERDUEDATE/>
       <ADDITIONALDETAILS.LIST>       </ADDITIONALDETAILS.LIST>
       <VOUCHERCOMPONENTLIST.LIST>       </VOUCHERCOMPONENTLIST.LIST>
      </BATCHALLOCATIONS.LIST>
      <ACCOUNTINGALLOCATIONS.LIST>
       <OLDAUDITENTRYIDS.LIST TYPE="Number">
        <OLDAUDITENTRYIDS>-1</OLDAUDITENTRYIDS>
       </OLDAUDITENTRYIDS.LIST>
       <ORIGPURCHINVDATE/>
       <NARRATION/>
       <ADDLALLOCTYPE/>
       <TAXCLASSIFICATIONNAME/>
       <APPROPRIATEFOR/>
       <GSTDUTYHEAD/>
       <GSTAPPROPRIATETO/>
       <NOTIFICATIONSLNO/>
       <EXCISEALLOCTYPE/>
       <SWIFTCODE/>
       <ROUNDTYPE/>
       <LEDGERNAME>Sales Local Taxable - GST 18%</LEDGERNAME>
       <TAXUNITNAME/>
       <STATNATURENAME/>
       <GOODSTYPE/>
       <VATTRADENAME/>
       <METHODTYPE/>
       <CLASSRATE/>
       <STATCLASSIFICATIONNAME/>
       <EXCISECLASSIFICATIONNAME/>
       <ISZRBASICSERVICE/>
       <VATCOMMODITYNAME/>
       <SCHEDULE/>
       <SCHEDULESERIALNUMBER/>
       <VATCOMMODITYCODE/>
       <VATSUBCOMMODITYCODE/>
       <VATMAJORCOMMODITYNAME/>
       <STRDGSTDERIVEDLOCATIONTYPE/>
       <STRDGSTDERIVEDTAXABILITY/>
       <STRDGSTDERIVEDNATURETYPE/>
       <STRDGSTDERIVEDSUPPLYTYPE/>
       <TDSPARTYNAME/>
       <VATPARTYORGNAME/>
       <XBRLADJTYPE/>
       <VOUCHERFBTCATEGORY/>
       <TYPEOFTAXPAYMENT/>
       <VATCALCULATIONTYPE/>
       <VATWORKSCONTRACTTYPE/>
       <VATWCDESCRIPTION/>
       <GSTCLASS>&#4; Not Applicable</GSTCLASS>
       <SCHVIADJTYPE/>
       <GSTOVRDNCLASSIFICATION/>
       <GSTOVRDNNATURE/>
       <GSTOVRDNINELIGIBLEITC/>
       <GSTOVRDNISREVCHARGEAPPL/>
       <GSTOVRDNTAXABILITY/>
       <GSTHSNSACCODE/>
       <GSTSOURCETYPE/>
       <GSTITEMSOURCE/>
       <GSTLEDGERSOURCE/>
       <GSTGROUPSOURCE/>
       <GSTSTOCKGROUPSOURCE/>
       <HSNSOURCETYPE/>
       <HSNITEMSOURCE/>
       <HSNLEDGERSOURCE/>
       <HSNGROUPSOURCE/>
       <HSNSTOCKGROUPSOURCE/>
       <GSTOVRDNSTOREDNATURE/>
       <GSTOVRDNTYPEOFSUPPLY/>
       <GSTRATEINFERAPPLICABILITY/>
       <GSTOVRDNNATUREOFGOODS/>
       <GSTHSNNAME/>
       <GSTHSNDESCRIPTION/>
       <GSTHSNINFERAPPLICABILITY/>
       <HSNOVRDNCLASSIFICATION/>
       <STRDGSTFINALNATUREOFENTRY/>
       <STRDGSTDUTYHEAD/>
       <VATGOODSNATURE/>
       <GSTDEPGSTCLASSIFICATION/>
       <GSTDEPHSNCLASSIFICATION/>
       <POSPAYMENTTYPE/>
       <GSTPARTYLEDGER/>
       <ORIGPURCHPARTY/>
       <ORIGPURCHPARTYADDRESS/>
       <ORIGPURCHINVNO/>
       <ORIGPURCHNOTE/>
       <ISDEEMEDPOSITIVE>No</ISDEEMEDPOSITIVE>
       <LEDGERFROMITEM>No</LEDGERFROMITEM>
       <REMOVEZEROENTRIES/>
       <ISPARTYLEDGER>No</ISPARTYLEDGER>
       <GSTOVERRIDDEN>No</GSTOVERRIDDEN>
       <ISGSTASSESSABLEVALUEOVERRIDDEN>No</ISGSTASSESSABLEVALUEOVERRIDDEN>
       <STRDISGSTAPPLICABLE>No</STRDISGSTAPPLICABLE>
       <STRDGSTISPARTYLEDGER>No</STRDGSTISPARTYLEDGER>
       <STRDGSTISDUTYLEDGER>No</STRDGSTISDUTYLEDGER>
       <CONTENTNEGISPOS/>
       <ISLASTDEEMEDPOSITIVE>No</ISLASTDEEMEDPOSITIVE>
       <ISCAPVATTAXALTERED/>
       <ISCAPVATNOTCLAIMED>No</ISCAPVATNOTCLAIMED>
       <STCRADJPERCENT>0</STCRADJPERCENT>
       <ROUNDLIMIT>0</ROUNDLIMIT>
       <RATEOFADDLVAT>0</RATEOFADDLVAT>
       <RATEOFCESSONVAT>0</RATEOFCESSONVAT>
       <VATTAXRATE>0</VATTAXRATE>
       <VATITEMQTY>0</VATITEMQTY>
       <VATWCDEDUCTRATE>0</VATWCDEDUCTRATE>
       <PREVINVTOTALNUM>0</PREVINVTOTALNUM>
       <VATWCDEDUCTIONRATE>0</VATWCDEDUCTIONRATE>
       <GSTTAXRATE>0</GSTTAXRATE>
       <ORIGINVGOODSQTY>0</ORIGINVGOODSQTY>
       <CAPVATTAXRATE>0</CAPVATTAXRATE>
       <AMOUNT>3312.00</AMOUNT>
       <CESSASSVALONCLASS/>
       <ADDNLVATCLASSAMT/>
       <EIDISCOUNTAMT/>
       <FBTEXEMPTAMOUNT/>
       <VATASSESSABLEVALUE/>
       <VATWCCOSTOFLAND/>
       <VATWCDEDLABOURCHARGES/>
       <VATWCOTHERDEDUCTIONAMT/>
       <VATWCVALUEOFTAXFREEGOODS/>
       <VATWCOTHERCHARGES/>
       <VATWCSUBCONTRACTORAMT/>
       <VATWCDEDUCTAMT/>
       <WCTOTALDEDUCTIONAMT/>
       <PREVAMOUNT/>
       <PREVINVTOTALAMT/>
       <VATWCDEDUCTIONAMOUNT/>
       <ORIGINVGOODSVALUE/>
       <CENVATCAPTINPUTAMT/>
       <GSTASSESSABLEVALUE/>
       <IGSTLIABILITY/>
       <CGSTLIABILITY/>
       <SGSTLIABILITY/>
       <GSTCESSLIABILITY/>
       <GSTOVRDNASSESSABLEVALUE/>
       <GSTASSBLVALUE/>
       <STRDCOMPUTEDASSESSABLEVALUE/>
       <STRDCOMPUTEDIGST/>
       <STRDCOMPUTEDCGST/>
       <STRDCOMPUTEDSGST/>
       <STRDCOMPUTEDCESS/>
       <STRDCOMPUTEDCESSONQTY/>
       <ORIGINVGOODSTAXVALUE/>
       <VATWCESTABLISHMENTCOST/>
       <VATWCCONTRACTORPROFIT/>
       <VATWCPLANNINGDESIGNFEES/>
       <VATWCMACHINERYTOOLSCHARGES/>
       <VATWCCONSUMABLESCOST/>
       <VATEXPAMOUNT/>
       <VATASSBLVALUE/>
       <VATACCEPTEDTAXAMT/>
       <VATACCEPTEDADDLTAXAMT/>
       <CASHRECEIVED/>
       <CAPVATASSEABLEVALUE/>
       <CAPVATTAXVALUE/>
       <ORIGPURCHVALUE/>
       <SUPPLYMARGVAL/>
       <STRDAPPRSTATECESSGST/>
       <STRDAPPROPRIATEDDISCOUNT/>
       <STRDEXCISETAX/>
       <SERVICETAXDETAILS.LIST>       </SERVICETAXDETAILS.LIST>
       <BANKALLOCATIONS.LIST>       </BANKALLOCATIONS.LIST>
       <BILLALLOCATIONS.LIST>       </BILLALLOCATIONS.LIST>
       <INTERESTCOLLECTION.LIST>       </INTERESTCOLLECTION.LIST>
       <OLDAUDITENTRIES.LIST>       </OLDAUDITENTRIES.LIST>
       <ACCOUNTAUDITENTRIES.LIST>       </ACCOUNTAUDITENTRIES.LIST>
       <AUDITENTRIES.LIST>       </AUDITENTRIES.LIST>
       <INPUTCRALLOCS.LIST>       </INPUTCRALLOCS.LIST>
       <DUTYHEADDETAILS.LIST>       </DUTYHEADDETAILS.LIST>
       <EXCISEDUTYHEADDETAILS.LIST>       </EXCISEDUTYHEADDETAILS.LIST>
       <RATEDETAILS.LIST>       </RATEDETAILS.LIST>
       <SUMMARYALLOCS.LIST>       </SUMMARYALLOCS.LIST>
       <CENVATDUTYALLOCATIONS.LIST>       </CENVATDUTYALLOCATIONS.LIST>
       <STPYMTDETAILS.LIST>       </STPYMTDETAILS.LIST>
       <EXCISEPAYMENTALLOCATIONS.LIST>       </EXCISEPAYMENTALLOCATIONS.LIST>
       <TAXBILLALLOCATIONS.LIST>       </TAXBILLALLOCATIONS.LIST>
       <TAXOBJECTALLOCATIONS.LIST>       </TAXOBJECTALLOCATIONS.LIST>
       <TDSEXPENSEALLOCATIONS.LIST>       </TDSEXPENSEALLOCATIONS.LIST>
       <VATSTATUTORYDETAILS.LIST>       </VATSTATUTORYDETAILS.LIST>
       <COSTTRACKALLOCATIONS.LIST>       </COSTTRACKALLOCATIONS.LIST>
       <REFVOUCHERDETAILS.LIST>       </REFVOUCHERDETAILS.LIST>
       <INVOICEWISEDETAILS.LIST>       </INVOICEWISEDETAILS.LIST>
       <VATITCDETAILS.LIST>       </VATITCDETAILS.LIST>
       <ADVANCETAXDETAILS.LIST>       </ADVANCETAXDETAILS.LIST>
       <TAXTYPEALLOCATIONS.LIST>       </TAXTYPEALLOCATIONS.LIST>
      </ACCOUNTINGALLOCATIONS.LIST>
      <DUTYHEADDETAILS.LIST>      </DUTYHEADDETAILS.LIST>
      <RATEDETAILS.LIST>
       <GSTRATEDUTYHEAD>CGST</GSTRATEDUTYHEAD>
       <GSTRATEVALUATIONTYPE>Based on Value</GSTRATEVALUATIONTYPE>
       <GSTRATE> 9</GSTRATE>
       <GSTRATEPERUNIT>0</GSTRATEPERUNIT>
      </RATEDETAILS.LIST>
      <RATEDETAILS.LIST>
       <GSTRATEDUTYHEAD>SGST/UTGST</GSTRATEDUTYHEAD>
       <GSTRATEVALUATIONTYPE>Based on Value</GSTRATEVALUATIONTYPE>
       <GSTRATE> 9</GSTRATE>
       <GSTRATEPERUNIT>0</GSTRATEPERUNIT>
      </RATEDETAILS.LIST>
      <RATEDETAILS.LIST>
       <GSTRATEDUTYHEAD>IGST</GSTRATEDUTYHEAD>
       <GSTRATEVALUATIONTYPE>Based on Value</GSTRATEVALUATIONTYPE>
       <GSTRATE> 18</GSTRATE>
       <GSTRATEPERUNIT>0</GSTRATEPERUNIT>
      </RATEDETAILS.LIST>
      <RATEDETAILS.LIST>
       <GSTRATEDUTYHEAD>Cess</GSTRATEDUTYHEAD>
       <GSTRATEVALUATIONTYPE>&#4; Not Applicable</GSTRATEVALUATIONTYPE>
       <GSTRATE>0</GSTRATE>
       <GSTRATEPERUNIT>0</GSTRATEPERUNIT>
      </RATEDETAILS.LIST>
      <RATEDETAILS.LIST>
       <GSTRATEDUTYHEAD>State Cess</GSTRATEDUTYHEAD>
       <GSTRATEVALUATIONTYPE>Based on Value</GSTRATEVALUATIONTYPE>
       <GSTRATE>0</GSTRATE>
       <GSTRATEPERUNIT>0</GSTRATEPERUNIT>
      </RATEDETAILS.LIST>
      <SUPPLEMENTARYDUTYHEADDETAILS.LIST>      </SUPPLEMENTARYDUTYHEADDETAILS.LIST>
      <TAXOBJECTALLOCATIONS.LIST>      </TAXOBJECTALLOCATIONS.LIST>
      <REFVOUCHERDETAILS.LIST>      </REFVOUCHERDETAILS.LIST>
      <EXCISEALLOCATIONS.LIST>      </EXCISEALLOCATIONS.LIST>
      <EXPENSEALLOCATIONS.LIST>      </EXPENSEALLOCATIONS.LIST>
     </ALLINVENTORYENTRIES.LIST>
     <ALLINVENTORYENTRIES.LIST>
      <BASICUSERDESCRIPTION.LIST TYPE="String">
       <BASICUSERDESCRIPTION>5 x 1.5</BASICUSERDESCRIPTION>
      </BASICUSERDESCRIPTION.LIST>
      <ORIGINVOICEDATE/>
      <ORIGSALESINVDATE/>
      <DESCRIPTION/>
      <STOCKITEMNAME>Btc Wood</STOCKITEMNAME>
      <STATNATURENAME/>
      <EXCISECLASSIFICATIONNAME/>
      <ISZRBASICSERVICE/>
      <STRDGSTDERIVEDLOCATIONTYPE/>
      <STRDGSTDERIVEDTAXABILITY/>
      <STRDGSTDERIVEDNATURETYPE/>
      <STRDGSTDERIVEDSUPPLYTYPE/>
      <GSTOVRDNCLASSIFICATION/>
      <GSTOVRDNNATURE/>
      <GSTOVRDNINELIGIBLEITC/>
      <GSTOVRDNISREVCHARGEAPPL>&#4; Not Applicable</GSTOVRDNISREVCHARGEAPPL>
      <GSTOVRDNTAXABILITY>Taxable</GSTOVRDNTAXABILITY>
      <GSTSOURCETYPE>Stock Item</GSTSOURCETYPE>
      <GSTITEMSOURCE>Btc Wood</GSTITEMSOURCE>
      <GSTLEDGERSOURCE/>
      <GSTGROUPSOURCE/>
      <GSTSTOCKGROUPSOURCE/>
      <HSNSOURCETYPE>Stock Item</HSNSOURCETYPE>
      <HSNITEMSOURCE>Btc Wood</HSNITEMSOURCE>
      <HSNLEDGERSOURCE/>
      <HSNGROUPSOURCE/>
      <HSNSTOCKGROUPSOURCE/>
      <GSTOVRDNSTOREDNATURE>&#4; System Inferred</GSTOVRDNSTOREDNATURE>
      <GSTOVRDNTYPEOFSUPPLY>Goods</GSTOVRDNTYPEOFSUPPLY>
      <GSTRATEINFERAPPLICABILITY>As per Masters/Company</GSTRATEINFERAPPLICABILITY>
      <GSTOVRDNNATUREOFGOODS/>
      <GSTHSNNAME>44072910</GSTHSNNAME>
      <GSTHSNDESCRIPTION>Teakwood</GSTHSNDESCRIPTION>
      <GSTHSNINFERAPPLICABILITY>As per Masters/Company</GSTHSNINFERAPPLICABILITY>
      <HSNOVRDNCLASSIFICATION/>
      <STRDGSTFINALNATUREOFENTRY/>
      <GSTDEPGSTCLASSIFICATION/>
      <GSTDEPHSNCLASSIFICATION/>
      <EXCISETARIFF/>
      <EXCISEEXEMPTION/>
      <TRADERCNSALESNUMBER/>
      <BASICPACKAGEMARKS/>
      <BASICNUMPACKAGES/>
      <SDTAXCLASSIFICATIONNAME/>
      <NATUREOFCOMPONENT/>
      <COMPONENTLISTTYPE/>
      <DISPLAYNATUREOFCOMPONENT/>
      <BOMNAME/>
      <ORIGINVOICENUMBER/>
      <ORIGINVOICEBOOKNAME/>
      <ORIGSALESINVNO/>
      <EXCISERETURNINVOICENO/>
      <REASONOFREJECTION/>
      <EXCISECREDITPARTY/>
      <EXCISECREDITSTKITEM/>
      <EXCISECREDITCATEGORY/>
      <TRADERSUPPLIERINVOICENO/>
      <EXCISESALESINVOICENO/>
      <GSTITEMUQC/>
      <GSTITEMUQCUOM/>
      <ADDLAMOUNT/>
      <ISDEEMEDPOSITIVE>No</ISDEEMEDPOSITIVE>
      <ISGSTASSESSABLEVALUEOVERRIDDEN/>
      <STRDISGSTAPPLICABLE/>
      <CONTENTNEGISPOS/>
      <ISLASTDEEMEDPOSITIVE>No</ISLASTDEEMEDPOSITIVE>
      <ISAUTONEGATE>No</ISAUTONEGATE>
      <ISCUSTOMSCLEARANCE/>
      <ISTRACKCOMPONENT/>
      <ISTRACKPRODUCTION/>
      <ISPRIMARYITEM/>
      <ISSCRAP>No</ISSCRAP>
      <RATE>840.00/rft</RATE>
      <DISCOUNT>0</DISCOUNT>
      <VATTAXRATE>0</VATTAXRATE>
      <ORIGINVGOODSQTY>0</ORIGINVGOODSQTY>
      <EXCISEMRPABATEMENT>0</EXCISEMRPABATEMENT>
      <ADDLCOSTPERC>0</ADDLCOSTPERC>
      <REVISEDRATEOFDUTY>0</REVISEDRATEOFDUTY>
      <ORIGRATEOFDUTY>0</ORIGRATEOFDUTY>
      <ORIGMRPABATEMENT>0</ORIGMRPABATEMENT>
      <EXCISERETURNDUTYRATE>0</EXCISERETURNDUTYRATE>
      <GVATEXCISERATE>0</GVATEXCISERATE>
      <AMOUNT>840.00</AMOUNT>
      <EXCISEASSESSABLEVALUE/>
      <CESSASSVALONCLASS/>
      <EIDISCOUNTAMT/>
      <VATASSESSABLEVALUE/>
      <VATWCDEDUCTAMT/>
      <WCTOTALDEDUCTIONAMT/>
      <ORIGINVGOODSVALUE/>
      <GSTOVRDNASSESSABLEVALUE/>
      <GSTASSBLVALUE/>
      <STRDCOMPUTEDASSESSABLEVALUE/>
      <STRDCOMPUTEDIGST/>
      <STRDCOMPUTEDCGST/>
      <STRDCOMPUTEDSGST/>
      <STRDCOMPUTEDCESS/>
      <STRDCOMPUTEDCESSONQTY/>
      <ORIGINVGOODSTAXVALUE/>
      <VATASSBLVALUE/>
      <VATACCEPTEDTAXAMT/>
      <VATACCEPTEDADDLTAXAMT/>
      <STRDAPPRSTATECESSGST/>
      <STRDAPPROPRIATEDDISCOUNT/>
      <STRDEXCISETAX/>
      <VATINPUTTAXCREDIT/>
      <VATELIGIBLECREDIT/>
      <GVATEXCISEAMT/>
      <ACTUALQTY> 1.00 rft</ACTUALQTY>
      <BILLEDQTY> 1.00 rft</BILLEDQTY>
      <ORIGACTUALQTY/>
      <ORIGBILLEDQTY/>
      <EXCISERETURNINVOICEQTY/>
      <USABLEQTY/>
      <EXCISECREDITPENDINGQTY/>
      <MRPRATE/>
      <EXCISEMRPRATE/>
      <ORIGRATE/>
      <REVISEDRATE/>
      <ESCALATIONRATE/>
      <ORIGMRPRATE/>
      <ORIGRATEOFQTY/>
      <REVISEDRATEOFQTY/>
      <INCLVATRATE/>
      <BATCHALLOCATIONS.LIST>
       <MFDON/>
       <ORDERYEAREND/>
       <TRACKINGYEAREND/>
       <ORDERPRECLOSUREDATE/>
       <NARRATION/>
       <GODOWNNAME>Main Location</GODOWNNAME>
       <BATCHNAME>Primary Batch</BATCHNAME>
       <DESTINATIONGODOWNNAME/>
       <INDENTNO>&#4; Not Applicable</INDENTNO>
       <ORDERTYPE/>
       <PARENTITEM/>
       <ORDERCLOSUREREASON/>
       <ORDERNO>&#4; Not Applicable</ORDERNO>
       <TRACKINGNUMBER>13062</TRACKINGNUMBER>
       <DYNAMICCSTNO/>
       <DYNAMICCSTPARENTITEM/>
       <SUMDYNAMICCSTNO/>
       <SUMBATCHNAME/>
       <SUMTRACKINGNUMBER/>
       <SUMORDERNO/>
       <SUMINDENTNO/>
       <ADDLAMOUNT/>
       <DYNAMICCSTISCLEARED>No</DYNAMICCSTISCLEARED>
       <TRACKID TYPE="Number"> 47580</TRACKID>
       <BATCHID TYPE="Number"> 24236</BATCHID>
       <BATCHDISCOUNT TYPE="Number">0</BATCHDISCOUNT>
       <AMOUNT>840.00</AMOUNT>
       <ADDLEXPENSEAMOUNT/>
       <BATCHDIFFVAL/>
       <ACTUALQTY> 1.00 rft</ACTUALQTY>
       <BILLEDQTY> 1.00 rft</BILLEDQTY>
       <ORDERPRECLOSUREQTY/>
       <ORIGACTUALQTY/>
       <ORIGBILLEDQTY/>
       <BATCHPHYSDIFF/>
       <ORIGRATE/>
       <REVISEDRATE/>
       <ESCALATIONRATE/>
       <INCLVATRATE/>
       <BATCHRATE TYPE="Rate">840.00/rft</BATCHRATE>
       <EXPIRYPERIOD/>
       <INDENTDUEDATE/>
       <ORDERDUEDATE/>
       <ADDITIONALDETAILS.LIST>       </ADDITIONALDETAILS.LIST>
       <VOUCHERCOMPONENTLIST.LIST>       </VOUCHERCOMPONENTLIST.LIST>
      </BATCHALLOCATIONS.LIST>
      <ACCOUNTINGALLOCATIONS.LIST>
       <OLDAUDITENTRYIDS.LIST TYPE="Number">
        <OLDAUDITENTRYIDS>-1</OLDAUDITENTRYIDS>
       </OLDAUDITENTRYIDS.LIST>
       <ORIGPURCHINVDATE/>
       <NARRATION/>
       <ADDLALLOCTYPE/>
       <TAXCLASSIFICATIONNAME/>
       <APPROPRIATEFOR/>
       <GSTDUTYHEAD/>
       <GSTAPPROPRIATETO/>
       <NOTIFICATIONSLNO/>
       <EXCISEALLOCTYPE/>
       <SWIFTCODE/>
       <ROUNDTYPE/>
       <LEDGERNAME>Sales Local Taxable - GST 18%</LEDGERNAME>
       <TAXUNITNAME/>
       <STATNATURENAME/>
       <GOODSTYPE/>
       <VATTRADENAME/>
       <METHODTYPE/>
       <CLASSRATE/>
       <STATCLASSIFICATIONNAME/>
       <EXCISECLASSIFICATIONNAME/>
       <ISZRBASICSERVICE/>
       <VATCOMMODITYNAME/>
       <SCHEDULE/>
       <SCHEDULESERIALNUMBER/>
       <VATCOMMODITYCODE/>
       <VATSUBCOMMODITYCODE/>
       <VATMAJORCOMMODITYNAME/>
       <STRDGSTDERIVEDLOCATIONTYPE/>
       <STRDGSTDERIVEDTAXABILITY/>
       <STRDGSTDERIVEDNATURETYPE/>
       <STRDGSTDERIVEDSUPPLYTYPE/>
       <TDSPARTYNAME/>
       <VATPARTYORGNAME/>
       <XBRLADJTYPE/>
       <VOUCHERFBTCATEGORY/>
       <TYPEOFTAXPAYMENT/>
       <VATCALCULATIONTYPE/>
       <VATWORKSCONTRACTTYPE/>
       <VATWCDESCRIPTION/>
       <GSTCLASS>&#4; Not Applicable</GSTCLASS>
       <SCHVIADJTYPE/>
       <GSTOVRDNCLASSIFICATION/>
       <GSTOVRDNNATURE/>
       <GSTOVRDNINELIGIBLEITC/>
       <GSTOVRDNISREVCHARGEAPPL/>
       <GSTOVRDNTAXABILITY/>
       <GSTHSNSACCODE/>
       <GSTSOURCETYPE/>
       <GSTITEMSOURCE/>
       <GSTLEDGERSOURCE/>
       <GSTGROUPSOURCE/>
       <GSTSTOCKGROUPSOURCE/>
       <HSNSOURCETYPE/>
       <HSNITEMSOURCE/>
       <HSNLEDGERSOURCE/>
       <HSNGROUPSOURCE/>
       <HSNSTOCKGROUPSOURCE/>
       <GSTOVRDNSTOREDNATURE/>
       <GSTOVRDNTYPEOFSUPPLY/>
       <GSTRATEINFERAPPLICABILITY/>
       <GSTOVRDNNATUREOFGOODS/>
       <GSTHSNNAME/>
       <GSTHSNDESCRIPTION/>
       <GSTHSNINFERAPPLICABILITY/>
       <HSNOVRDNCLASSIFICATION/>
       <STRDGSTFINALNATUREOFENTRY/>
       <STRDGSTDUTYHEAD/>
       <VATGOODSNATURE/>
       <GSTDEPGSTCLASSIFICATION/>
       <GSTDEPHSNCLASSIFICATION/>
       <POSPAYMENTTYPE/>
       <GSTPARTYLEDGER/>
       <ORIGPURCHPARTY/>
       <ORIGPURCHPARTYADDRESS/>
       <ORIGPURCHINVNO/>
       <ORIGPURCHNOTE/>
       <ISDEEMEDPOSITIVE>No</ISDEEMEDPOSITIVE>
       <LEDGERFROMITEM>No</LEDGERFROMITEM>
       <REMOVEZEROENTRIES/>
       <ISPARTYLEDGER>No</ISPARTYLEDGER>
       <GSTOVERRIDDEN>No</GSTOVERRIDDEN>
       <ISGSTASSESSABLEVALUEOVERRIDDEN>No</ISGSTASSESSABLEVALUEOVERRIDDEN>
       <STRDISGSTAPPLICABLE>No</STRDISGSTAPPLICABLE>
       <STRDGSTISPARTYLEDGER>No</STRDGSTISPARTYLEDGER>
       <STRDGSTISDUTYLEDGER>No</STRDGSTISDUTYLEDGER>
       <CONTENTNEGISPOS/>
       <ISLASTDEEMEDPOSITIVE>No</ISLASTDEEMEDPOSITIVE>
       <ISCAPVATTAXALTERED/>
       <ISCAPVATNOTCLAIMED>No</ISCAPVATNOTCLAIMED>
       <STCRADJPERCENT>0</STCRADJPERCENT>
       <ROUNDLIMIT>0</ROUNDLIMIT>
       <RATEOFADDLVAT>0</RATEOFADDLVAT>
       <RATEOFCESSONVAT>0</RATEOFCESSONVAT>
       <VATTAXRATE>0</VATTAXRATE>
       <VATITEMQTY>0</VATITEMQTY>
       <VATWCDEDUCTRATE>0</VATWCDEDUCTRATE>
       <PREVINVTOTALNUM>0</PREVINVTOTALNUM>
       <VATWCDEDUCTIONRATE>0</VATWCDEDUCTIONRATE>
       <GSTTAXRATE>0</GSTTAXRATE>
       <ORIGINVGOODSQTY>0</ORIGINVGOODSQTY>
       <CAPVATTAXRATE>0</CAPVATTAXRATE>
       <AMOUNT>840.00</AMOUNT>
       <CESSASSVALONCLASS/>
       <ADDNLVATCLASSAMT/>
       <EIDISCOUNTAMT/>
       <FBTEXEMPTAMOUNT/>
       <VATASSESSABLEVALUE/>
       <VATWCCOSTOFLAND/>
       <VATWCDEDLABOURCHARGES/>
       <VATWCOTHERDEDUCTIONAMT/>
       <VATWCVALUEOFTAXFREEGOODS/>
       <VATWCOTHERCHARGES/>
       <VATWCSUBCONTRACTORAMT/>
       <VATWCDEDUCTAMT/>
       <WCTOTALDEDUCTIONAMT/>
       <PREVAMOUNT/>
       <PREVINVTOTALAMT/>
       <VATWCDEDUCTIONAMOUNT/>
       <ORIGINVGOODSVALUE/>
       <CENVATCAPTINPUTAMT/>
       <GSTASSESSABLEVALUE/>
       <IGSTLIABILITY/>
       <CGSTLIABILITY/>
       <SGSTLIABILITY/>
       <GSTCESSLIABILITY/>
       <GSTOVRDNASSESSABLEVALUE/>
       <GSTASSBLVALUE/>
       <STRDCOMPUTEDASSESSABLEVALUE/>
       <STRDCOMPUTEDIGST/>
       <STRDCOMPUTEDCGST/>
       <STRDCOMPUTEDSGST/>
       <STRDCOMPUTEDCESS/>
       <STRDCOMPUTEDCESSONQTY/>
       <ORIGINVGOODSTAXVALUE/>
       <VATWCESTABLISHMENTCOST/>
       <VATWCCONTRACTORPROFIT/>
       <VATWCPLANNINGDESIGNFEES/>
       <VATWCMACHINERYTOOLSCHARGES/>
       <VATWCCONSUMABLESCOST/>
       <VATEXPAMOUNT/>
       <VATASSBLVALUE/>
       <VATACCEPTEDTAXAMT/>
       <VATACCEPTEDADDLTAXAMT/>
       <CASHRECEIVED/>
       <CAPVATASSEABLEVALUE/>
       <CAPVATTAXVALUE/>
       <ORIGPURCHVALUE/>
       <SUPPLYMARGVAL/>
       <STRDAPPRSTATECESSGST/>
       <STRDAPPROPRIATEDDISCOUNT/>
       <STRDEXCISETAX/>
       <SERVICETAXDETAILS.LIST>       </SERVICETAXDETAILS.LIST>
       <BANKALLOCATIONS.LIST>       </BANKALLOCATIONS.LIST>
       <BILLALLOCATIONS.LIST>       </BILLALLOCATIONS.LIST>
       <INTERESTCOLLECTION.LIST>       </INTERESTCOLLECTION.LIST>
       <OLDAUDITENTRIES.LIST>       </OLDAUDITENTRIES.LIST>
       <ACCOUNTAUDITENTRIES.LIST>       </ACCOUNTAUDITENTRIES.LIST>
       <AUDITENTRIES.LIST>       </AUDITENTRIES.LIST>
       <INPUTCRALLOCS.LIST>       </INPUTCRALLOCS.LIST>
       <DUTYHEADDETAILS.LIST>       </DUTYHEADDETAILS.LIST>
       <EXCISEDUTYHEADDETAILS.LIST>       </EXCISEDUTYHEADDETAILS.LIST>
       <RATEDETAILS.LIST>       </RATEDETAILS.LIST>
       <SUMMARYALLOCS.LIST>       </SUMMARYALLOCS.LIST>
       <CENVATDUTYALLOCATIONS.LIST>       </CENVATDUTYALLOCATIONS.LIST>
       <STPYMTDETAILS.LIST>       </STPYMTDETAILS.LIST>
       <EXCISEPAYMENTALLOCATIONS.LIST>       </EXCISEPAYMENTALLOCATIONS.LIST>
       <TAXBILLALLOCATIONS.LIST>       </TAXBILLALLOCATIONS.LIST>
       <TAXOBJECTALLOCATIONS.LIST>       </TAXOBJECTALLOCATIONS.LIST>
       <TDSEXPENSEALLOCATIONS.LIST>       </TDSEXPENSEALLOCATIONS.LIST>
       <VATSTATUTORYDETAILS.LIST>       </VATSTATUTORYDETAILS.LIST>
       <COSTTRACKALLOCATIONS.LIST>       </COSTTRACKALLOCATIONS.LIST>
       <REFVOUCHERDETAILS.LIST>       </REFVOUCHERDETAILS.LIST>
       <INVOICEWISEDETAILS.LIST>       </INVOICEWISEDETAILS.LIST>
       <VATITCDETAILS.LIST>       </VATITCDETAILS.LIST>
       <ADVANCETAXDETAILS.LIST>       </ADVANCETAXDETAILS.LIST>
       <TAXTYPEALLOCATIONS.LIST>       </TAXTYPEALLOCATIONS.LIST>
      </ACCOUNTINGALLOCATIONS.LIST>
      <DUTYHEADDETAILS.LIST>      </DUTYHEADDETAILS.LIST>
      <RATEDETAILS.LIST>
       <GSTRATEDUTYHEAD>CGST</GSTRATEDUTYHEAD>
       <GSTRATEVALUATIONTYPE>Based on Value</GSTRATEVALUATIONTYPE>
       <GSTRATE> 9</GSTRATE>
       <GSTRATEPERUNIT>0</GSTRATEPERUNIT>
      </RATEDETAILS.LIST>
      <RATEDETAILS.LIST>
       <GSTRATEDUTYHEAD>SGST/UTGST</GSTRATEDUTYHEAD>
       <GSTRATEVALUATIONTYPE>Based on Value</GSTRATEVALUATIONTYPE>
       <GSTRATE> 9</GSTRATE>
       <GSTRATEPERUNIT>0</GSTRATEPERUNIT>
      </RATEDETAILS.LIST>
      <RATEDETAILS.LIST>
       <GSTRATEDUTYHEAD>IGST</GSTRATEDUTYHEAD>
       <GSTRATEVALUATIONTYPE>Based on Value</GSTRATEVALUATIONTYPE>
       <GSTRATE> 18</GSTRATE>
       <GSTRATEPERUNIT>0</GSTRATEPERUNIT>
      </RATEDETAILS.LIST>
      <RATEDETAILS.LIST>
       <GSTRATEDUTYHEAD>Cess</GSTRATEDUTYHEAD>
       <GSTRATEVALUATIONTYPE>&#4; Not Applicable</GSTRATEVALUATIONTYPE>
       <GSTRATE>0</GSTRATE>
       <GSTRATEPERUNIT>0</GSTRATEPERUNIT>
      </RATEDETAILS.LIST>
      <RATEDETAILS.LIST>
       <GSTRATEDUTYHEAD>State Cess</GSTRATEDUTYHEAD>
       <GSTRATEVALUATIONTYPE>Based on Value</GSTRATEVALUATIONTYPE>
       <GSTRATE>0</GSTRATE>
       <GSTRATEPERUNIT>0</GSTRATEPERUNIT>
      </RATEDETAILS.LIST>
      <SUPPLEMENTARYDUTYHEADDETAILS.LIST>      </SUPPLEMENTARYDUTYHEADDETAILS.LIST>
      <TAXOBJECTALLOCATIONS.LIST>      </TAXOBJECTALLOCATIONS.LIST>
      <REFVOUCHERDETAILS.LIST>      </REFVOUCHERDETAILS.LIST>
      <EXCISEALLOCATIONS.LIST>      </EXCISEALLOCATIONS.LIST>
      <EXPENSEALLOCATIONS.LIST>      </EXPENSEALLOCATIONS.LIST>
     </ALLINVENTORYENTRIES.LIST>
     <ALLINVENTORYENTRIES.LIST>
      <ORIGINVOICEDATE/>
      <ORIGSALESINVDATE/>
      <DESCRIPTION/>
      <STOCKITEMNAME>Nails</STOCKITEMNAME>
      <STATNATURENAME/>
      <EXCISECLASSIFICATIONNAME/>
      <ISZRBASICSERVICE/>
      <STRDGSTDERIVEDLOCATIONTYPE/>
      <STRDGSTDERIVEDTAXABILITY/>
      <STRDGSTDERIVEDNATURETYPE/>
      <STRDGSTDERIVEDSUPPLYTYPE/>
      <GSTOVRDNCLASSIFICATION/>
      <GSTOVRDNNATURE/>
      <GSTOVRDNINELIGIBLEITC/>
      <GSTOVRDNISREVCHARGEAPPL>&#4; Not Applicable</GSTOVRDNISREVCHARGEAPPL>
      <GSTOVRDNTAXABILITY>Taxable</GSTOVRDNTAXABILITY>
      <GSTSOURCETYPE>Stock Item</GSTSOURCETYPE>
      <GSTITEMSOURCE>Nails</GSTITEMSOURCE>
      <GSTLEDGERSOURCE/>
      <GSTGROUPSOURCE/>
      <GSTSTOCKGROUPSOURCE/>
      <HSNSOURCETYPE>Stock Item</HSNSOURCETYPE>
      <HSNITEMSOURCE>Nails</HSNITEMSOURCE>
      <HSNLEDGERSOURCE/>
      <HSNGROUPSOURCE/>
      <HSNSTOCKGROUPSOURCE/>
      <GSTOVRDNSTOREDNATURE>&#4; System Inferred</GSTOVRDNSTOREDNATURE>
      <GSTOVRDNTYPEOFSUPPLY>Goods</GSTOVRDNTYPEOFSUPPLY>
      <GSTRATEINFERAPPLICABILITY>As per Masters/Company</GSTRATEINFERAPPLICABILITY>
      <GSTOVRDNNATUREOFGOODS/>
      <GSTHSNNAME>73170013</GSTHSNNAME>
      <GSTHSNDESCRIPTION/>
      <GSTHSNINFERAPPLICABILITY>As per Masters/Company</GSTHSNINFERAPPLICABILITY>
      <HSNOVRDNCLASSIFICATION/>
      <STRDGSTFINALNATUREOFENTRY/>
      <GSTDEPGSTCLASSIFICATION/>
      <GSTDEPHSNCLASSIFICATION/>
      <EXCISETARIFF/>
      <EXCISEEXEMPTION/>
      <TRADERCNSALESNUMBER/>
      <BASICPACKAGEMARKS/>
      <BASICNUMPACKAGES/>
      <SDTAXCLASSIFICATIONNAME/>
      <NATUREOFCOMPONENT/>
      <COMPONENTLISTTYPE/>
      <DISPLAYNATUREOFCOMPONENT/>
      <BOMNAME/>
      <ORIGINVOICENUMBER/>
      <ORIGINVOICEBOOKNAME/>
      <ORIGSALESINVNO/>
      <EXCISERETURNINVOICENO/>
      <REASONOFREJECTION/>
      <EXCISECREDITPARTY/>
      <EXCISECREDITSTKITEM/>
      <EXCISECREDITCATEGORY/>
      <TRADERSUPPLIERINVOICENO/>
      <EXCISESALESINVOICENO/>
      <GSTITEMUQC/>
      <GSTITEMUQCUOM/>
      <ADDLAMOUNT/>
      <ISDEEMEDPOSITIVE>No</ISDEEMEDPOSITIVE>
      <ISGSTASSESSABLEVALUEOVERRIDDEN/>
      <STRDISGSTAPPLICABLE/>
      <CONTENTNEGISPOS/>
      <ISLASTDEEMEDPOSITIVE>No</ISLASTDEEMEDPOSITIVE>
      <ISAUTONEGATE>No</ISAUTONEGATE>
      <ISCUSTOMSCLEARANCE/>
      <ISTRACKCOMPONENT/>
      <ISTRACKPRODUCTION/>
      <ISPRIMARYITEM/>
      <ISSCRAP>No</ISSCRAP>
      <RATE>120.00/kgs</RATE>
      <DISCOUNT>0</DISCOUNT>
      <VATTAXRATE>0</VATTAXRATE>
      <ORIGINVGOODSQTY>0</ORIGINVGOODSQTY>
      <EXCISEMRPABATEMENT>0</EXCISEMRPABATEMENT>
      <ADDLCOSTPERC>0</ADDLCOSTPERC>
      <REVISEDRATEOFDUTY>0</REVISEDRATEOFDUTY>
      <ORIGRATEOFDUTY>0</ORIGRATEOFDUTY>
      <ORIGMRPABATEMENT>0</ORIGMRPABATEMENT>
      <EXCISERETURNDUTYRATE>0</EXCISERETURNDUTYRATE>
      <GVATEXCISERATE>0</GVATEXCISERATE>
      <AMOUNT>60.00</AMOUNT>
      <EXCISEASSESSABLEVALUE/>
      <CESSASSVALONCLASS/>
      <EIDISCOUNTAMT/>
      <VATASSESSABLEVALUE/>
      <VATWCDEDUCTAMT/>
      <WCTOTALDEDUCTIONAMT/>
      <ORIGINVGOODSVALUE/>
      <GSTOVRDNASSESSABLEVALUE/>
      <GSTASSBLVALUE/>
      <STRDCOMPUTEDASSESSABLEVALUE/>
      <STRDCOMPUTEDIGST/>
      <STRDCOMPUTEDCGST/>
      <STRDCOMPUTEDSGST/>
      <STRDCOMPUTEDCESS/>
      <STRDCOMPUTEDCESSONQTY/>
      <ORIGINVGOODSTAXVALUE/>
      <VATASSBLVALUE/>
      <VATACCEPTEDTAXAMT/>
      <VATACCEPTEDADDLTAXAMT/>
      <STRDAPPRSTATECESSGST/>
      <STRDAPPROPRIATEDDISCOUNT/>
      <STRDEXCISETAX/>
      <VATINPUTTAXCREDIT/>
      <VATELIGIBLECREDIT/>
      <GVATEXCISEAMT/>
      <ACTUALQTY> 0.5000 kgs</ACTUALQTY>
      <BILLEDQTY> 0.5000 kgs</BILLEDQTY>
      <ORIGACTUALQTY/>
      <ORIGBILLEDQTY/>
      <EXCISERETURNINVOICEQTY/>
      <USABLEQTY/>
      <EXCISECREDITPENDINGQTY/>
      <MRPRATE/>
      <EXCISEMRPRATE/>
      <ORIGRATE/>
      <REVISEDRATE/>
      <ESCALATIONRATE/>
      <ORIGMRPRATE/>
      <ORIGRATEOFQTY/>
      <REVISEDRATEOFQTY/>
      <INCLVATRATE/>
      <BATCHALLOCATIONS.LIST>
       <MFDON/>
       <ORDERYEAREND/>
       <TRACKINGYEAREND/>
       <ORDERPRECLOSUREDATE/>
       <NARRATION/>
       <GODOWNNAME>Main Location</GODOWNNAME>
       <BATCHNAME>Primary Batch</BATCHNAME>
       <DESTINATIONGODOWNNAME/>
       <INDENTNO>&#4; Not Applicable</INDENTNO>
       <ORDERTYPE/>
       <PARENTITEM/>
       <ORDERCLOSUREREASON/>
       <ORDERNO>&#4; Not Applicable</ORDERNO>
       <TRACKINGNUMBER>13062</TRACKINGNUMBER>
       <DYNAMICCSTNO/>
       <DYNAMICCSTPARENTITEM/>
       <SUMDYNAMICCSTNO/>
       <SUMBATCHNAME/>
       <SUMTRACKINGNUMBER/>
       <SUMORDERNO/>
       <SUMINDENTNO/>
       <ADDLAMOUNT/>
       <DYNAMICCSTISCLEARED>No</DYNAMICCSTISCLEARED>
       <TRACKID TYPE="Number"> 47581</TRACKID>
       <BATCHID TYPE="Number"> 27978</BATCHID>
       <BATCHDISCOUNT TYPE="Number">0</BATCHDISCOUNT>
       <AMOUNT>60.00</AMOUNT>
       <ADDLEXPENSEAMOUNT/>
       <BATCHDIFFVAL/>
       <ACTUALQTY> 0.5000 kgs</ACTUALQTY>
       <BILLEDQTY> 0.5000 kgs</BILLEDQTY>
       <ORDERPRECLOSUREQTY/>
       <ORIGACTUALQTY/>
       <ORIGBILLEDQTY/>
       <BATCHPHYSDIFF/>
       <ORIGRATE/>
       <REVISEDRATE/>
       <ESCALATIONRATE/>
       <INCLVATRATE/>
       <BATCHRATE TYPE="Rate">120.00/kgs</BATCHRATE>
       <EXPIRYPERIOD/>
       <INDENTDUEDATE/>
       <ORDERDUEDATE/>
       <ADDITIONALDETAILS.LIST>       </ADDITIONALDETAILS.LIST>
       <VOUCHERCOMPONENTLIST.LIST>       </VOUCHERCOMPONENTLIST.LIST>
      </BATCHALLOCATIONS.LIST>
      <ACCOUNTINGALLOCATIONS.LIST>
       <OLDAUDITENTRYIDS.LIST TYPE="Number">
        <OLDAUDITENTRYIDS>-1</OLDAUDITENTRYIDS>
       </OLDAUDITENTRYIDS.LIST>
       <ORIGPURCHINVDATE/>
       <NARRATION/>
       <ADDLALLOCTYPE/>
       <TAXCLASSIFICATIONNAME/>
       <APPROPRIATEFOR/>
       <GSTDUTYHEAD/>
       <GSTAPPROPRIATETO/>
       <NOTIFICATIONSLNO/>
       <EXCISEALLOCTYPE/>
       <SWIFTCODE/>
       <ROUNDTYPE/>
       <LEDGERNAME>Sales Local Taxable - GST 18%</LEDGERNAME>
       <TAXUNITNAME/>
       <STATNATURENAME/>
       <GOODSTYPE/>
       <VATTRADENAME/>
       <METHODTYPE/>
       <CLASSRATE/>
       <STATCLASSIFICATIONNAME/>
       <EXCISECLASSIFICATIONNAME/>
       <ISZRBASICSERVICE/>
       <VATCOMMODITYNAME/>
       <SCHEDULE/>
       <SCHEDULESERIALNUMBER/>
       <VATCOMMODITYCODE/>
       <VATSUBCOMMODITYCODE/>
       <VATMAJORCOMMODITYNAME/>
       <STRDGSTDERIVEDLOCATIONTYPE/>
       <STRDGSTDERIVEDTAXABILITY/>
       <STRDGSTDERIVEDNATURETYPE/>
       <STRDGSTDERIVEDSUPPLYTYPE/>
       <TDSPARTYNAME/>
       <VATPARTYORGNAME/>
       <XBRLADJTYPE/>
       <VOUCHERFBTCATEGORY/>
       <TYPEOFTAXPAYMENT/>
       <VATCALCULATIONTYPE/>
       <VATWORKSCONTRACTTYPE/>
       <VATWCDESCRIPTION/>
       <GSTCLASS>&#4; Not Applicable</GSTCLASS>
       <SCHVIADJTYPE/>
       <GSTOVRDNCLASSIFICATION/>
       <GSTOVRDNNATURE/>
       <GSTOVRDNINELIGIBLEITC/>
       <GSTOVRDNISREVCHARGEAPPL/>
       <GSTOVRDNTAXABILITY/>
       <GSTHSNSACCODE/>
       <GSTSOURCETYPE/>
       <GSTITEMSOURCE/>
       <GSTLEDGERSOURCE/>
       <GSTGROUPSOURCE/>
       <GSTSTOCKGROUPSOURCE/>
       <HSNSOURCETYPE/>
       <HSNITEMSOURCE/>
       <HSNLEDGERSOURCE/>
       <HSNGROUPSOURCE/>
       <HSNSTOCKGROUPSOURCE/>
       <GSTOVRDNSTOREDNATURE/>
       <GSTOVRDNTYPEOFSUPPLY/>
       <GSTRATEINFERAPPLICABILITY/>
       <GSTOVRDNNATUREOFGOODS/>
       <GSTHSNNAME/>
       <GSTHSNDESCRIPTION/>
       <GSTHSNINFERAPPLICABILITY/>
       <HSNOVRDNCLASSIFICATION/>
       <STRDGSTFINALNATUREOFENTRY/>
       <STRDGSTDUTYHEAD/>
       <VATGOODSNATURE/>
       <GSTDEPGSTCLASSIFICATION/>
       <GSTDEPHSNCLASSIFICATION/>
       <POSPAYMENTTYPE/>
       <GSTPARTYLEDGER/>
       <ORIGPURCHPARTY/>
       <ORIGPURCHPARTYADDRESS/>
       <ORIGPURCHINVNO/>
       <ORIGPURCHNOTE/>
       <ISDEEMEDPOSITIVE>No</ISDEEMEDPOSITIVE>
       <LEDGERFROMITEM>No</LEDGERFROMITEM>
       <REMOVEZEROENTRIES/>
       <ISPARTYLEDGER>No</ISPARTYLEDGER>
       <GSTOVERRIDDEN>No</GSTOVERRIDDEN>
       <ISGSTASSESSABLEVALUEOVERRIDDEN>No</ISGSTASSESSABLEVALUEOVERRIDDEN>
       <STRDISGSTAPPLICABLE>No</STRDISGSTAPPLICABLE>
       <STRDGSTISPARTYLEDGER>No</STRDGSTISPARTYLEDGER>
       <STRDGSTISDUTYLEDGER>No</STRDGSTISDUTYLEDGER>
       <CONTENTNEGISPOS/>
       <ISLASTDEEMEDPOSITIVE>No</ISLASTDEEMEDPOSITIVE>
       <ISCAPVATTAXALTERED/>
       <ISCAPVATNOTCLAIMED>No</ISCAPVATNOTCLAIMED>
       <STCRADJPERCENT>0</STCRADJPERCENT>
       <ROUNDLIMIT>0</ROUNDLIMIT>
       <RATEOFADDLVAT>0</RATEOFADDLVAT>
       <RATEOFCESSONVAT>0</RATEOFCESSONVAT>
       <VATTAXRATE>0</VATTAXRATE>
       <VATITEMQTY>0</VATITEMQTY>
       <VATWCDEDUCTRATE>0</VATWCDEDUCTRATE>
       <PREVINVTOTALNUM>0</PREVINVTOTALNUM>
       <VATWCDEDUCTIONRATE>0</VATWCDEDUCTIONRATE>
       <GSTTAXRATE>0</GSTTAXRATE>
       <ORIGINVGOODSQTY>0</ORIGINVGOODSQTY>
       <CAPVATTAXRATE>0</CAPVATTAXRATE>
       <AMOUNT>60.00</AMOUNT>
       <CESSASSVALONCLASS/>
       <ADDNLVATCLASSAMT/>
       <EIDISCOUNTAMT/>
       <FBTEXEMPTAMOUNT/>
       <VATASSESSABLEVALUE/>
       <VATWCCOSTOFLAND/>
       <VATWCDEDLABOURCHARGES/>
       <VATWCOTHERDEDUCTIONAMT/>
       <VATWCVALUEOFTAXFREEGOODS/>
       <VATWCOTHERCHARGES/>
       <VATWCSUBCONTRACTORAMT/>
       <VATWCDEDUCTAMT/>
       <WCTOTALDEDUCTIONAMT/>
       <PREVAMOUNT/>
       <PREVINVTOTALAMT/>
       <VATWCDEDUCTIONAMOUNT/>
       <ORIGINVGOODSVALUE/>
       <CENVATCAPTINPUTAMT/>
       <GSTASSESSABLEVALUE/>
       <IGSTLIABILITY/>
       <CGSTLIABILITY/>
       <SGSTLIABILITY/>
       <GSTCESSLIABILITY/>
       <GSTOVRDNASSESSABLEVALUE/>
       <GSTASSBLVALUE/>
       <STRDCOMPUTEDASSESSABLEVALUE/>
       <STRDCOMPUTEDIGST/>
       <STRDCOMPUTEDCGST/>
       <STRDCOMPUTEDSGST/>
       <STRDCOMPUTEDCESS/>
       <STRDCOMPUTEDCESSONQTY/>
       <ORIGINVGOODSTAXVALUE/>
       <VATWCESTABLISHMENTCOST/>
       <VATWCCONTRACTORPROFIT/>
       <VATWCPLANNINGDESIGNFEES/>
       <VATWCMACHINERYTOOLSCHARGES/>
       <VATWCCONSUMABLESCOST/>
       <VATEXPAMOUNT/>
       <VATASSBLVALUE/>
       <VATACCEPTEDTAXAMT/>
       <VATACCEPTEDADDLTAXAMT/>
       <CASHRECEIVED/>
       <CAPVATASSEABLEVALUE/>
       <CAPVATTAXVALUE/>
       <ORIGPURCHVALUE/>
       <SUPPLYMARGVAL/>
       <STRDAPPRSTATECESSGST/>
       <STRDAPPROPRIATEDDISCOUNT/>
       <STRDEXCISETAX/>
       <SERVICETAXDETAILS.LIST>       </SERVICETAXDETAILS.LIST>
       <BANKALLOCATIONS.LIST>       </BANKALLOCATIONS.LIST>
       <BILLALLOCATIONS.LIST>       </BILLALLOCATIONS.LIST>
       <INTERESTCOLLECTION.LIST>       </INTERESTCOLLECTION.LIST>
       <OLDAUDITENTRIES.LIST>       </OLDAUDITENTRIES.LIST>
       <ACCOUNTAUDITENTRIES.LIST>       </ACCOUNTAUDITENTRIES.LIST>
       <AUDITENTRIES.LIST>       </AUDITENTRIES.LIST>
       <INPUTCRALLOCS.LIST>       </INPUTCRALLOCS.LIST>
       <DUTYHEADDETAILS.LIST>       </DUTYHEADDETAILS.LIST>
       <EXCISEDUTYHEADDETAILS.LIST>       </EXCISEDUTYHEADDETAILS.LIST>
       <RATEDETAILS.LIST>       </RATEDETAILS.LIST>
       <SUMMARYALLOCS.LIST>       </SUMMARYALLOCS.LIST>
       <CENVATDUTYALLOCATIONS.LIST>       </CENVATDUTYALLOCATIONS.LIST>
       <STPYMTDETAILS.LIST>       </STPYMTDETAILS.LIST>
       <EXCISEPAYMENTALLOCATIONS.LIST>       </EXCISEPAYMENTALLOCATIONS.LIST>
       <TAXBILLALLOCATIONS.LIST>       </TAXBILLALLOCATIONS.LIST>
       <TAXOBJECTALLOCATIONS.LIST>       </TAXOBJECTALLOCATIONS.LIST>
       <TDSEXPENSEALLOCATIONS.LIST>       </TDSEXPENSEALLOCATIONS.LIST>
       <VATSTATUTORYDETAILS.LIST>       </VATSTATUTORYDETAILS.LIST>
       <COSTTRACKALLOCATIONS.LIST>       </COSTTRACKALLOCATIONS.LIST>
       <REFVOUCHERDETAILS.LIST>       </REFVOUCHERDETAILS.LIST>
       <INVOICEWISEDETAILS.LIST>       </INVOICEWISEDETAILS.LIST>
       <VATITCDETAILS.LIST>       </VATITCDETAILS.LIST>
       <ADVANCETAXDETAILS.LIST>       </ADVANCETAXDETAILS.LIST>
       <TAXTYPEALLOCATIONS.LIST>       </TAXTYPEALLOCATIONS.LIST>
      </ACCOUNTINGALLOCATIONS.LIST>
      <DUTYHEADDETAILS.LIST>      </DUTYHEADDETAILS.LIST>
      <RATEDETAILS.LIST>
       <GSTRATEDUTYHEAD>CGST</GSTRATEDUTYHEAD>
       <GSTRATEVALUATIONTYPE>Based on Value</GSTRATEVALUATIONTYPE>
       <GSTRATE> 9</GSTRATE>
       <GSTRATEPERUNIT>0</GSTRATEPERUNIT>
      </RATEDETAILS.LIST>
      <RATEDETAILS.LIST>
       <GSTRATEDUTYHEAD>SGST/UTGST</GSTRATEDUTYHEAD>
       <GSTRATEVALUATIONTYPE>Based on Value</GSTRATEVALUATIONTYPE>
       <GSTRATE> 9</GSTRATE>
       <GSTRATEPERUNIT>0</GSTRATEPERUNIT>
      </RATEDETAILS.LIST>
      <RATEDETAILS.LIST>
       <GSTRATEDUTYHEAD>IGST</GSTRATEDUTYHEAD>
       <GSTRATEVALUATIONTYPE>Based on Value</GSTRATEVALUATIONTYPE>
       <GSTRATE> 18</GSTRATE>
       <GSTRATEPERUNIT>0</GSTRATEPERUNIT>
      </RATEDETAILS.LIST>
      <RATEDETAILS.LIST>
       <GSTRATEDUTYHEAD>Cess</GSTRATEDUTYHEAD>
       <GSTRATEVALUATIONTYPE>&#4; Not Applicable</GSTRATEVALUATIONTYPE>
       <GSTRATE>0</GSTRATE>
       <GSTRATEPERUNIT>0</GSTRATEPERUNIT>
      </RATEDETAILS.LIST>
      <RATEDETAILS.LIST>
       <GSTRATEDUTYHEAD>State Cess</GSTRATEDUTYHEAD>
       <GSTRATEVALUATIONTYPE>Based on Value</GSTRATEVALUATIONTYPE>
       <GSTRATE>0</GSTRATE>
       <GSTRATEPERUNIT>0</GSTRATEPERUNIT>
      </RATEDETAILS.LIST>
      <SUPPLEMENTARYDUTYHEADDETAILS.LIST>      </SUPPLEMENTARYDUTYHEADDETAILS.LIST>
      <TAXOBJECTALLOCATIONS.LIST>      </TAXOBJECTALLOCATIONS.LIST>
      <REFVOUCHERDETAILS.LIST>      </REFVOUCHERDETAILS.LIST>
      <EXCISEALLOCATIONS.LIST>      </EXCISEALLOCATIONS.LIST>
      <EXPENSEALLOCATIONS.LIST>      </EXPENSEALLOCATIONS.LIST>
     </ALLINVENTORYENTRIES.LIST>
     <LEDGERENTRIES.LIST>
      <OLDAUDITENTRYIDS.LIST TYPE="Number">
       <OLDAUDITENTRYIDS>-1</OLDAUDITENTRYIDS>
      </OLDAUDITENTRYIDS.LIST>
      <ORIGPURCHINVDATE/>
      <NARRATION/>
      <ADDLALLOCTYPE/>
      <TAXCLASSIFICATIONNAME/>
      <APPROPRIATEFOR/>
      <GSTDUTYHEAD/>
      <GSTAPPROPRIATETO/>
      <NOTIFICATIONSLNO/>
      <EXCISEALLOCTYPE/>
      <SWIFTCODE/>
      <ROUNDTYPE/>
      <LEDGERNAME>Symbiosis</LEDGERNAME>
      <TAXUNITNAME/>
      <STATNATURENAME/>
      <GOODSTYPE/>
      <VATTRADENAME/>
      <METHODTYPE/>
      <CLASSRATE/>
      <STATCLASSIFICATIONNAME/>
      <EXCISECLASSIFICATIONNAME/>
      <ISZRBASICSERVICE/>
      <VATCOMMODITYNAME/>
      <SCHEDULE/>
      <SCHEDULESERIALNUMBER/>
      <VATCOMMODITYCODE/>
      <VATSUBCOMMODITYCODE/>
      <VATMAJORCOMMODITYNAME/>
      <STRDGSTDERIVEDLOCATIONTYPE/>
      <STRDGSTDERIVEDTAXABILITY/>
      <STRDGSTDERIVEDNATURETYPE/>
      <STRDGSTDERIVEDSUPPLYTYPE/>
      <TDSPARTYNAME/>
      <VATPARTYORGNAME/>
      <XBRLADJTYPE/>
      <VOUCHERFBTCATEGORY/>
      <TYPEOFTAXPAYMENT/>
      <VATCALCULATIONTYPE/>
      <VATWORKSCONTRACTTYPE/>
      <VATWCDESCRIPTION/>
      <GSTCLASS>&#4; Not Applicable</GSTCLASS>
      <SCHVIADJTYPE/>
      <GSTOVRDNCLASSIFICATION/>
      <GSTOVRDNNATURE/>
      <GSTOVRDNINELIGIBLEITC/>
      <GSTOVRDNISREVCHARGEAPPL/>
      <GSTOVRDNTAXABILITY/>
      <GSTHSNSACCODE/>
      <GSTSOURCETYPE/>
      <GSTITEMSOURCE/>
      <GSTLEDGERSOURCE/>
      <GSTGROUPSOURCE/>
      <GSTSTOCKGROUPSOURCE/>
      <HSNSOURCETYPE/>
      <HSNITEMSOURCE/>
      <HSNLEDGERSOURCE/>
      <HSNGROUPSOURCE/>
      <HSNSTOCKGROUPSOURCE/>
      <GSTOVRDNSTOREDNATURE/>
      <GSTOVRDNTYPEOFSUPPLY/>
      <GSTRATEINFERAPPLICABILITY/>
      <GSTOVRDNNATUREOFGOODS/>
      <GSTHSNNAME/>
      <GSTHSNDESCRIPTION/>
      <GSTHSNINFERAPPLICABILITY/>
      <HSNOVRDNCLASSIFICATION/>
      <STRDGSTFINALNATUREOFENTRY/>
      <STRDGSTDUTYHEAD/>
      <VATGOODSNATURE/>
      <GSTDEPGSTCLASSIFICATION/>
      <GSTDEPHSNCLASSIFICATION/>
      <POSPAYMENTTYPE/>
      <GSTPARTYLEDGER/>
      <ORIGPURCHPARTY/>
      <ORIGPURCHPARTYADDRESS/>
      <ORIGPURCHINVNO/>
      <ORIGPURCHNOTE/>
      <ISDEEMEDPOSITIVE>Yes</ISDEEMEDPOSITIVE>
      <LEDGERFROMITEM>No</LEDGERFROMITEM>
      <REMOVEZEROENTRIES/>
      <ISPARTYLEDGER>Yes</ISPARTYLEDGER>
      <GSTOVERRIDDEN>No</GSTOVERRIDDEN>
      <ISGSTASSESSABLEVALUEOVERRIDDEN>No</ISGSTASSESSABLEVALUEOVERRIDDEN>
      <STRDISGSTAPPLICABLE>No</STRDISGSTAPPLICABLE>
      <STRDGSTISPARTYLEDGER>No</STRDGSTISPARTYLEDGER>
      <STRDGSTISDUTYLEDGER>No</STRDGSTISDUTYLEDGER>
      <CONTENTNEGISPOS/>
      <ISLASTDEEMEDPOSITIVE>Yes</ISLASTDEEMEDPOSITIVE>
      <ISCAPVATTAXALTERED/>
      <ISCAPVATNOTCLAIMED>No</ISCAPVATNOTCLAIMED>
      <STCRADJPERCENT>0</STCRADJPERCENT>
      <ROUNDLIMIT>0</ROUNDLIMIT>
      <RATEOFADDLVAT>0</RATEOFADDLVAT>
      <RATEOFCESSONVAT>0</RATEOFCESSONVAT>
      <VATTAXRATE>0</VATTAXRATE>
      <VATITEMQTY>0</VATITEMQTY>
      <VATWCDEDUCTRATE>0</VATWCDEDUCTRATE>
      <PREVINVTOTALNUM>0</PREVINVTOTALNUM>
      <VATWCDEDUCTIONRATE>0</VATWCDEDUCTIONRATE>
      <GSTTAXRATE>0</GSTTAXRATE>
      <ORIGINVGOODSQTY>0</ORIGINVGOODSQTY>
      <CAPVATTAXRATE>0</CAPVATTAXRATE>
      <AMOUNT>-4970.00</AMOUNT>
      <CESSASSVALONCLASS/>
      <ADDNLVATCLASSAMT/>
      <EIDISCOUNTAMT/>
      <FBTEXEMPTAMOUNT/>
      <VATASSESSABLEVALUE/>
      <VATWCCOSTOFLAND/>
      <VATWCDEDLABOURCHARGES/>
      <VATWCOTHERDEDUCTIONAMT/>
      <VATWCVALUEOFTAXFREEGOODS/>
      <VATWCOTHERCHARGES/>
      <VATWCSUBCONTRACTORAMT/>
      <VATWCDEDUCTAMT/>
      <WCTOTALDEDUCTIONAMT/>
      <PREVAMOUNT/>
      <PREVINVTOTALAMT/>
      <VATWCDEDUCTIONAMOUNT/>
      <ORIGINVGOODSVALUE/>
      <CENVATCAPTINPUTAMT/>
      <GSTASSESSABLEVALUE/>
      <IGSTLIABILITY/>
      <CGSTLIABILITY/>
      <SGSTLIABILITY/>
      <GSTCESSLIABILITY/>
      <GSTOVRDNASSESSABLEVALUE/>
      <GSTASSBLVALUE/>
      <STRDCOMPUTEDASSESSABLEVALUE/>
      <STRDCOMPUTEDIGST/>
      <STRDCOMPUTEDCGST/>
      <STRDCOMPUTEDSGST/>
      <STRDCOMPUTEDCESS/>
      <STRDCOMPUTEDCESSONQTY/>
      <ORIGINVGOODSTAXVALUE/>
      <VATWCESTABLISHMENTCOST/>
      <VATWCCONTRACTORPROFIT/>
      <VATWCPLANNINGDESIGNFEES/>
      <VATWCMACHINERYTOOLSCHARGES/>
      <VATWCCONSUMABLESCOST/>
      <VATEXPAMOUNT/>
      <VATASSBLVALUE/>
      <VATACCEPTEDTAXAMT/>
      <VATACCEPTEDADDLTAXAMT/>
      <CASHRECEIVED/>
      <CAPVATASSEABLEVALUE/>
      <CAPVATTAXVALUE/>
      <ORIGPURCHVALUE/>
      <SUPPLYMARGVAL/>
      <STRDAPPRSTATECESSGST/>
      <STRDAPPROPRIATEDDISCOUNT/>
      <STRDEXCISETAX/>
      <SERVICETAXDETAILS.LIST>      </SERVICETAXDETAILS.LIST>
      <BANKALLOCATIONS.LIST>      </BANKALLOCATIONS.LIST>
      <BILLALLOCATIONS.LIST>
       <BILLDATE TYPE="Date">20260401</BILLDATE>
       <YEAREND/>
       <BILLCREATIONDATE TYPE="Date">20260401</BILLCREATIONDATE>
       <NAME>16699</NAME>
       <BILLCREDITPERIOD/>
       <TDSDEDUCTEESECTIONNUMBER/>
       <TDSLEDGERNC/>
       <SERVICETAXLEDGER/>
       <BILLTYPE>New Ref</BILLTYPE>
       <SUMNAME/>
       <TDSDEDUCTEEISSPECIALRATE>No</TDSDEDUCTEEISSPECIALRATE>
       <TDSDEDUCTEESPECIALRATE>0</TDSDEDUCTEESPECIALRATE>
       <BILLID TYPE="Number"> 47578</BILLID>
       <AMOUNT>-4970.00</AMOUNT>
       <INTERESTCOLLECTION.LIST>       </INTERESTCOLLECTION.LIST>
       <STBILLCATEGORIES.LIST>       </STBILLCATEGORIES.LIST>
      </BILLALLOCATIONS.LIST>
      <INTERESTCOLLECTION.LIST>      </INTERESTCOLLECTION.LIST>
      <OLDAUDITENTRIES.LIST>      </OLDAUDITENTRIES.LIST>
      <ACCOUNTAUDITENTRIES.LIST>      </ACCOUNTAUDITENTRIES.LIST>
      <AUDITENTRIES.LIST>      </AUDITENTRIES.LIST>
      <INPUTCRALLOCS.LIST>      </INPUTCRALLOCS.LIST>
      <DUTYHEADDETAILS.LIST>      </DUTYHEADDETAILS.LIST>
      <EXCISEDUTYHEADDETAILS.LIST>      </EXCISEDUTYHEADDETAILS.LIST>
      <RATEDETAILS.LIST>      </RATEDETAILS.LIST>
      <SUMMARYALLOCS.LIST>      </SUMMARYALLOCS.LIST>
      <CENVATDUTYALLOCATIONS.LIST>      </CENVATDUTYALLOCATIONS.LIST>
      <STPYMTDETAILS.LIST>      </STPYMTDETAILS.LIST>
      <EXCISEPAYMENTALLOCATIONS.LIST>      </EXCISEPAYMENTALLOCATIONS.LIST>
      <TAXBILLALLOCATIONS.LIST>      </TAXBILLALLOCATIONS.LIST>
      <TAXOBJECTALLOCATIONS.LIST>      </TAXOBJECTALLOCATIONS.LIST>
      <TDSEXPENSEALLOCATIONS.LIST>      </TDSEXPENSEALLOCATIONS.LIST>
      <VATSTATUTORYDETAILS.LIST>      </VATSTATUTORYDETAILS.LIST>
      <COSTTRACKALLOCATIONS.LIST>      </COSTTRACKALLOCATIONS.LIST>
      <REFVOUCHERDETAILS.LIST>      </REFVOUCHERDETAILS.LIST>
      <INVOICEWISEDETAILS.LIST>      </INVOICEWISEDETAILS.LIST>
      <VATITCDETAILS.LIST>      </VATITCDETAILS.LIST>
      <ADVANCETAXDETAILS.LIST>      </ADVANCETAXDETAILS.LIST>
      <TAXTYPEALLOCATIONS.LIST>      </TAXTYPEALLOCATIONS.LIST>
     </LEDGERENTRIES.LIST>
     <LEDGERENTRIES.LIST>
      <OLDAUDITENTRYIDS.LIST TYPE="Number">
       <OLDAUDITENTRYIDS>-1</OLDAUDITENTRYIDS>
      </OLDAUDITENTRYIDS.LIST>
      <ORIGPURCHINVDATE/>
      <NARRATION/>
      <ADDLALLOCTYPE/>
      <TAXCLASSIFICATIONNAME/>
      <APPROPRIATEFOR/>
      <GSTDUTYHEAD/>
      <GSTAPPROPRIATETO/>
      <NOTIFICATIONSLNO/>
      <EXCISEALLOCTYPE/>
      <SWIFTCODE/>
      <ROUNDTYPE>&#4; Not Applicable</ROUNDTYPE>
      <LEDGERNAME>SGST</LEDGERNAME>
      <TAXUNITNAME/>
      <STATNATURENAME/>
      <GOODSTYPE/>
      <VATTRADENAME/>
      <METHODTYPE/>
      <CLASSRATE/>
      <STATCLASSIFICATIONNAME/>
      <EXCISECLASSIFICATIONNAME/>
      <ISZRBASICSERVICE/>
      <VATCOMMODITYNAME/>
      <SCHEDULE/>
      <SCHEDULESERIALNUMBER/>
      <VATCOMMODITYCODE/>
      <VATSUBCOMMODITYCODE/>
      <VATMAJORCOMMODITYNAME/>
      <STRDGSTDERIVEDLOCATIONTYPE/>
      <STRDGSTDERIVEDTAXABILITY/>
      <STRDGSTDERIVEDNATURETYPE/>
      <STRDGSTDERIVEDSUPPLYTYPE/>
      <TDSPARTYNAME/>
      <VATPARTYORGNAME/>
      <XBRLADJTYPE/>
      <VOUCHERFBTCATEGORY/>
      <TYPEOFTAXPAYMENT/>
      <VATCALCULATIONTYPE/>
      <VATWORKSCONTRACTTYPE/>
      <VATWCDESCRIPTION/>
      <GSTCLASS>&#4; Not Applicable</GSTCLASS>
      <SCHVIADJTYPE/>
      <GSTOVRDNCLASSIFICATION/>
      <GSTOVRDNNATURE/>
      <GSTOVRDNINELIGIBLEITC/>
      <GSTOVRDNISREVCHARGEAPPL/>
      <GSTOVRDNTAXABILITY/>
      <GSTHSNSACCODE/>
      <GSTSOURCETYPE/>
      <GSTITEMSOURCE/>
      <GSTLEDGERSOURCE/>
      <GSTGROUPSOURCE/>
      <GSTSTOCKGROUPSOURCE/>
      <HSNSOURCETYPE/>
      <HSNITEMSOURCE/>
      <HSNLEDGERSOURCE/>
      <HSNGROUPSOURCE/>
      <HSNSTOCKGROUPSOURCE/>
      <GSTOVRDNSTOREDNATURE/>
      <GSTOVRDNTYPEOFSUPPLY/>
      <GSTRATEINFERAPPLICABILITY/>
      <GSTOVRDNNATUREOFGOODS/>
      <GSTHSNNAME/>
      <GSTHSNDESCRIPTION/>
      <GSTHSNINFERAPPLICABILITY/>
      <HSNOVRDNCLASSIFICATION/>
      <STRDGSTFINALNATUREOFENTRY/>
      <STRDGSTDUTYHEAD/>
      <VATGOODSNATURE/>
      <GSTDEPGSTCLASSIFICATION/>
      <GSTDEPHSNCLASSIFICATION/>
      <POSPAYMENTTYPE/>
      <GSTPARTYLEDGER/>
      <ORIGPURCHPARTY/>
      <ORIGPURCHPARTYADDRESS/>
      <ORIGPURCHINVNO/>
      <ORIGPURCHNOTE/>
      <ISDEEMEDPOSITIVE>No</ISDEEMEDPOSITIVE>
      <LEDGERFROMITEM>No</LEDGERFROMITEM>
      <REMOVEZEROENTRIES/>
      <ISPARTYLEDGER>No</ISPARTYLEDGER>
      <GSTOVERRIDDEN>No</GSTOVERRIDDEN>
      <ISGSTASSESSABLEVALUEOVERRIDDEN>No</ISGSTASSESSABLEVALUEOVERRIDDEN>
      <STRDISGSTAPPLICABLE>No</STRDISGSTAPPLICABLE>
      <STRDGSTISPARTYLEDGER>No</STRDGSTISPARTYLEDGER>
      <STRDGSTISDUTYLEDGER>No</STRDGSTISDUTYLEDGER>
      <CONTENTNEGISPOS/>
      <ISLASTDEEMEDPOSITIVE>No</ISLASTDEEMEDPOSITIVE>
      <ISCAPVATTAXALTERED/>
      <ISCAPVATNOTCLAIMED>No</ISCAPVATNOTCLAIMED>
      <STCRADJPERCENT>0</STCRADJPERCENT>
      <ROUNDLIMIT>0</ROUNDLIMIT>
      <RATEOFADDLVAT>0</RATEOFADDLVAT>
      <RATEOFCESSONVAT>0</RATEOFCESSONVAT>
      <VATTAXRATE>0</VATTAXRATE>
      <VATITEMQTY>0</VATITEMQTY>
      <VATWCDEDUCTRATE>0</VATWCDEDUCTRATE>
      <PREVINVTOTALNUM>0</PREVINVTOTALNUM>
      <VATWCDEDUCTIONRATE>0</VATWCDEDUCTIONRATE>
      <GSTTAXRATE>0</GSTTAXRATE>
      <ORIGINVGOODSQTY>0</ORIGINVGOODSQTY>
      <CAPVATTAXRATE>0</CAPVATTAXRATE>
      <AMOUNT>379.08</AMOUNT>
      <CESSASSVALONCLASS/>
      <ADDNLVATCLASSAMT/>
      <EIDISCOUNTAMT/>
      <FBTEXEMPTAMOUNT/>
      <VATASSESSABLEVALUE/>
      <VATWCCOSTOFLAND/>
      <VATWCDEDLABOURCHARGES/>
      <VATWCOTHERDEDUCTIONAMT/>
      <VATWCVALUEOFTAXFREEGOODS/>
      <VATWCOTHERCHARGES/>
      <VATWCSUBCONTRACTORAMT/>
      <VATWCDEDUCTAMT/>
      <WCTOTALDEDUCTIONAMT/>
      <PREVAMOUNT/>
      <PREVINVTOTALAMT/>
      <VATWCDEDUCTIONAMOUNT/>
      <ORIGINVGOODSVALUE/>
      <CENVATCAPTINPUTAMT/>
      <GSTASSESSABLEVALUE/>
      <IGSTLIABILITY/>
      <CGSTLIABILITY/>
      <SGSTLIABILITY/>
      <GSTCESSLIABILITY/>
      <GSTOVRDNASSESSABLEVALUE/>
      <GSTASSBLVALUE/>
      <STRDCOMPUTEDASSESSABLEVALUE/>
      <STRDCOMPUTEDIGST/>
      <STRDCOMPUTEDCGST/>
      <STRDCOMPUTEDSGST/>
      <STRDCOMPUTEDCESS/>
      <STRDCOMPUTEDCESSONQTY/>
      <ORIGINVGOODSTAXVALUE/>
      <VATWCESTABLISHMENTCOST/>
      <VATWCCONTRACTORPROFIT/>
      <VATWCPLANNINGDESIGNFEES/>
      <VATWCMACHINERYTOOLSCHARGES/>
      <VATWCCONSUMABLESCOST/>
      <VATEXPAMOUNT>379.08</VATEXPAMOUNT>
      <VATASSBLVALUE/>
      <VATACCEPTEDTAXAMT/>
      <VATACCEPTEDADDLTAXAMT/>
      <CASHRECEIVED/>
      <CAPVATASSEABLEVALUE/>
      <CAPVATTAXVALUE/>
      <ORIGPURCHVALUE/>
      <SUPPLYMARGVAL/>
      <STRDAPPRSTATECESSGST/>
      <STRDAPPROPRIATEDDISCOUNT/>
      <STRDEXCISETAX/>
      <SERVICETAXDETAILS.LIST>      </SERVICETAXDETAILS.LIST>
      <BANKALLOCATIONS.LIST>      </BANKALLOCATIONS.LIST>
      <BILLALLOCATIONS.LIST>      </BILLALLOCATIONS.LIST>
      <INTERESTCOLLECTION.LIST>      </INTERESTCOLLECTION.LIST>
      <OLDAUDITENTRIES.LIST>      </OLDAUDITENTRIES.LIST>
      <ACCOUNTAUDITENTRIES.LIST>      </ACCOUNTAUDITENTRIES.LIST>
      <AUDITENTRIES.LIST>      </AUDITENTRIES.LIST>
      <INPUTCRALLOCS.LIST>      </INPUTCRALLOCS.LIST>
      <DUTYHEADDETAILS.LIST>      </DUTYHEADDETAILS.LIST>
      <EXCISEDUTYHEADDETAILS.LIST>      </EXCISEDUTYHEADDETAILS.LIST>
      <RATEDETAILS.LIST>      </RATEDETAILS.LIST>
      <SUMMARYALLOCS.LIST>      </SUMMARYALLOCS.LIST>
      <CENVATDUTYALLOCATIONS.LIST>      </CENVATDUTYALLOCATIONS.LIST>
      <STPYMTDETAILS.LIST>      </STPYMTDETAILS.LIST>
      <EXCISEPAYMENTALLOCATIONS.LIST>      </EXCISEPAYMENTALLOCATIONS.LIST>
      <TAXBILLALLOCATIONS.LIST>      </TAXBILLALLOCATIONS.LIST>
      <TAXOBJECTALLOCATIONS.LIST>      </TAXOBJECTALLOCATIONS.LIST>
      <TDSEXPENSEALLOCATIONS.LIST>      </TDSEXPENSEALLOCATIONS.LIST>
      <VATSTATUTORYDETAILS.LIST>      </VATSTATUTORYDETAILS.LIST>
      <COSTTRACKALLOCATIONS.LIST>      </COSTTRACKALLOCATIONS.LIST>
      <REFVOUCHERDETAILS.LIST>      </REFVOUCHERDETAILS.LIST>
      <INVOICEWISEDETAILS.LIST>      </INVOICEWISEDETAILS.LIST>
      <VATITCDETAILS.LIST>      </VATITCDETAILS.LIST>
      <ADVANCETAXDETAILS.LIST>      </ADVANCETAXDETAILS.LIST>
      <TAXTYPEALLOCATIONS.LIST>      </TAXTYPEALLOCATIONS.LIST>
     </LEDGERENTRIES.LIST>
     <LEDGERENTRIES.LIST>
      <OLDAUDITENTRYIDS.LIST TYPE="Number">
       <OLDAUDITENTRYIDS>-1</OLDAUDITENTRYIDS>
      </OLDAUDITENTRYIDS.LIST>
      <ORIGPURCHINVDATE/>
      <NARRATION/>
      <ADDLALLOCTYPE/>
      <TAXCLASSIFICATIONNAME/>
      <APPROPRIATEFOR/>
      <GSTDUTYHEAD/>
      <GSTAPPROPRIATETO/>
      <NOTIFICATIONSLNO/>
      <EXCISEALLOCTYPE/>
      <SWIFTCODE/>
      <ROUNDTYPE>&#4; Not Applicable</ROUNDTYPE>
      <LEDGERNAME>CGST</LEDGERNAME>
      <TAXUNITNAME/>
      <STATNATURENAME/>
      <GOODSTYPE/>
      <VATTRADENAME/>
      <METHODTYPE/>
      <CLASSRATE/>
      <STATCLASSIFICATIONNAME/>
      <EXCISECLASSIFICATIONNAME/>
      <ISZRBASICSERVICE/>
      <VATCOMMODITYNAME/>
      <SCHEDULE/>
      <SCHEDULESERIALNUMBER/>
      <VATCOMMODITYCODE/>
      <VATSUBCOMMODITYCODE/>
      <VATMAJORCOMMODITYNAME/>
      <STRDGSTDERIVEDLOCATIONTYPE/>
      <STRDGSTDERIVEDTAXABILITY/>
      <STRDGSTDERIVEDNATURETYPE/>
      <STRDGSTDERIVEDSUPPLYTYPE/>
      <TDSPARTYNAME/>
      <VATPARTYORGNAME/>
      <XBRLADJTYPE/>
      <VOUCHERFBTCATEGORY/>
      <TYPEOFTAXPAYMENT/>
      <VATCALCULATIONTYPE/>
      <VATWORKSCONTRACTTYPE/>
      <VATWCDESCRIPTION/>
      <GSTCLASS>&#4; Not Applicable</GSTCLASS>
      <SCHVIADJTYPE/>
      <GSTOVRDNCLASSIFICATION/>
      <GSTOVRDNNATURE/>
      <GSTOVRDNINELIGIBLEITC/>
      <GSTOVRDNISREVCHARGEAPPL/>
      <GSTOVRDNTAXABILITY/>
      <GSTHSNSACCODE/>
      <GSTSOURCETYPE/>
      <GSTITEMSOURCE/>
      <GSTLEDGERSOURCE/>
      <GSTGROUPSOURCE/>
      <GSTSTOCKGROUPSOURCE/>
      <HSNSOURCETYPE/>
      <HSNITEMSOURCE/>
      <HSNLEDGERSOURCE/>
      <HSNGROUPSOURCE/>
      <HSNSTOCKGROUPSOURCE/>
      <GSTOVRDNSTOREDNATURE/>
      <GSTOVRDNTYPEOFSUPPLY/>
      <GSTRATEINFERAPPLICABILITY/>
      <GSTOVRDNNATUREOFGOODS/>
      <GSTHSNNAME/>
      <GSTHSNDESCRIPTION/>
      <GSTHSNINFERAPPLICABILITY/>
      <HSNOVRDNCLASSIFICATION/>
      <STRDGSTFINALNATUREOFENTRY/>
      <STRDGSTDUTYHEAD/>
      <VATGOODSNATURE/>
      <GSTDEPGSTCLASSIFICATION/>
      <GSTDEPHSNCLASSIFICATION/>
      <POSPAYMENTTYPE/>
      <GSTPARTYLEDGER/>
      <ORIGPURCHPARTY/>
      <ORIGPURCHPARTYADDRESS/>
      <ORIGPURCHINVNO/>
      <ORIGPURCHNOTE/>
      <ISDEEMEDPOSITIVE>No</ISDEEMEDPOSITIVE>
      <LEDGERFROMITEM>No</LEDGERFROMITEM>
      <REMOVEZEROENTRIES/>
      <ISPARTYLEDGER>No</ISPARTYLEDGER>
      <GSTOVERRIDDEN>No</GSTOVERRIDDEN>
      <ISGSTASSESSABLEVALUEOVERRIDDEN>No</ISGSTASSESSABLEVALUEOVERRIDDEN>
      <STRDISGSTAPPLICABLE>No</STRDISGSTAPPLICABLE>
      <STRDGSTISPARTYLEDGER>No</STRDGSTISPARTYLEDGER>
      <STRDGSTISDUTYLEDGER>No</STRDGSTISDUTYLEDGER>
      <CONTENTNEGISPOS/>
      <ISLASTDEEMEDPOSITIVE>No</ISLASTDEEMEDPOSITIVE>
      <ISCAPVATTAXALTERED/>
      <ISCAPVATNOTCLAIMED>No</ISCAPVATNOTCLAIMED>
      <STCRADJPERCENT>0</STCRADJPERCENT>
      <ROUNDLIMIT>0</ROUNDLIMIT>
      <RATEOFADDLVAT>0</RATEOFADDLVAT>
      <RATEOFCESSONVAT>0</RATEOFCESSONVAT>
      <VATTAXRATE>0</VATTAXRATE>
      <VATITEMQTY>0</VATITEMQTY>
      <VATWCDEDUCTRATE>0</VATWCDEDUCTRATE>
      <PREVINVTOTALNUM>0</PREVINVTOTALNUM>
      <VATWCDEDUCTIONRATE>0</VATWCDEDUCTIONRATE>
      <GSTTAXRATE>0</GSTTAXRATE>
      <ORIGINVGOODSQTY>0</ORIGINVGOODSQTY>
      <CAPVATTAXRATE>0</CAPVATTAXRATE>
      <AMOUNT>379.08</AMOUNT>
      <CESSASSVALONCLASS/>
      <ADDNLVATCLASSAMT/>
      <EIDISCOUNTAMT/>
      <FBTEXEMPTAMOUNT/>
      <VATASSESSABLEVALUE/>
      <VATWCCOSTOFLAND/>
      <VATWCDEDLABOURCHARGES/>
      <VATWCOTHERDEDUCTIONAMT/>
      <VATWCVALUEOFTAXFREEGOODS/>
      <VATWCOTHERCHARGES/>
      <VATWCSUBCONTRACTORAMT/>
      <VATWCDEDUCTAMT/>
      <WCTOTALDEDUCTIONAMT/>
      <PREVAMOUNT/>
      <PREVINVTOTALAMT/>
      <VATWCDEDUCTIONAMOUNT/>
      <ORIGINVGOODSVALUE/>
      <CENVATCAPTINPUTAMT/>
      <GSTASSESSABLEVALUE/>
      <IGSTLIABILITY/>
      <CGSTLIABILITY/>
      <SGSTLIABILITY/>
      <GSTCESSLIABILITY/>
      <GSTOVRDNASSESSABLEVALUE/>
      <GSTASSBLVALUE/>
      <STRDCOMPUTEDASSESSABLEVALUE/>
      <STRDCOMPUTEDIGST/>
      <STRDCOMPUTEDCGST/>
      <STRDCOMPUTEDSGST/>
      <STRDCOMPUTEDCESS/>
      <STRDCOMPUTEDCESSONQTY/>
      <ORIGINVGOODSTAXVALUE/>
      <VATWCESTABLISHMENTCOST/>
      <VATWCCONTRACTORPROFIT/>
      <VATWCPLANNINGDESIGNFEES/>
      <VATWCMACHINERYTOOLSCHARGES/>
      <VATWCCONSUMABLESCOST/>
      <VATEXPAMOUNT>379.08</VATEXPAMOUNT>
      <VATASSBLVALUE/>
      <VATACCEPTEDTAXAMT/>
      <VATACCEPTEDADDLTAXAMT/>
      <CASHRECEIVED/>
      <CAPVATASSEABLEVALUE/>
      <CAPVATTAXVALUE/>
      <ORIGPURCHVALUE/>
      <SUPPLYMARGVAL/>
      <STRDAPPRSTATECESSGST/>
      <STRDAPPROPRIATEDDISCOUNT/>
      <STRDEXCISETAX/>
      <SERVICETAXDETAILS.LIST>      </SERVICETAXDETAILS.LIST>
      <BANKALLOCATIONS.LIST>      </BANKALLOCATIONS.LIST>
      <BILLALLOCATIONS.LIST>      </BILLALLOCATIONS.LIST>
      <INTERESTCOLLECTION.LIST>      </INTERESTCOLLECTION.LIST>
      <OLDAUDITENTRIES.LIST>      </OLDAUDITENTRIES.LIST>
      <ACCOUNTAUDITENTRIES.LIST>      </ACCOUNTAUDITENTRIES.LIST>
      <AUDITENTRIES.LIST>      </AUDITENTRIES.LIST>
      <INPUTCRALLOCS.LIST>      </INPUTCRALLOCS.LIST>
      <DUTYHEADDETAILS.LIST>      </DUTYHEADDETAILS.LIST>
      <EXCISEDUTYHEADDETAILS.LIST>      </EXCISEDUTYHEADDETAILS.LIST>
      <RATEDETAILS.LIST>      </RATEDETAILS.LIST>
      <SUMMARYALLOCS.LIST>      </SUMMARYALLOCS.LIST>
      <CENVATDUTYALLOCATIONS.LIST>      </CENVATDUTYALLOCATIONS.LIST>
      <STPYMTDETAILS.LIST>      </STPYMTDETAILS.LIST>
      <EXCISEPAYMENTALLOCATIONS.LIST>      </EXCISEPAYMENTALLOCATIONS.LIST>
      <TAXBILLALLOCATIONS.LIST>      </TAXBILLALLOCATIONS.LIST>
      <TAXOBJECTALLOCATIONS.LIST>      </TAXOBJECTALLOCATIONS.LIST>
      <TDSEXPENSEALLOCATIONS.LIST>      </TDSEXPENSEALLOCATIONS.LIST>
      <VATSTATUTORYDETAILS.LIST>      </VATSTATUTORYDETAILS.LIST>
      <COSTTRACKALLOCATIONS.LIST>      </COSTTRACKALLOCATIONS.LIST>
      <REFVOUCHERDETAILS.LIST>      </REFVOUCHERDETAILS.LIST>
      <INVOICEWISEDETAILS.LIST>      </INVOICEWISEDETAILS.LIST>
      <VATITCDETAILS.LIST>      </VATITCDETAILS.LIST>
      <ADVANCETAXDETAILS.LIST>      </ADVANCETAXDETAILS.LIST>
      <TAXTYPEALLOCATIONS.LIST>      </TAXTYPEALLOCATIONS.LIST>
     </LEDGERENTRIES.LIST>
     <LEDGERENTRIES.LIST>
      <OLDAUDITENTRYIDS.LIST TYPE="Number">
       <OLDAUDITENTRYIDS>-1</OLDAUDITENTRYIDS>
      </OLDAUDITENTRYIDS.LIST>
      <ORIGPURCHINVDATE/>
      <NARRATION/>
      <ADDLALLOCTYPE/>
      <TAXCLASSIFICATIONNAME/>
      <APPROPRIATEFOR/>
      <GSTDUTYHEAD/>
      <GSTAPPROPRIATETO/>
      <NOTIFICATIONSLNO/>
      <EXCISEALLOCTYPE/>
      <SWIFTCODE/>
      <ROUNDTYPE>Normal Rounding</ROUNDTYPE>
      <LEDGERNAME>R/off Outward</LEDGERNAME>
      <TAXUNITNAME/>
      <STATNATURENAME/>
      <GOODSTYPE/>
      <VATTRADENAME/>
      <METHODTYPE/>
      <CLASSRATE/>
      <STATCLASSIFICATIONNAME/>
      <EXCISECLASSIFICATIONNAME/>
      <ISZRBASICSERVICE/>
      <VATCOMMODITYNAME/>
      <SCHEDULE/>
      <SCHEDULESERIALNUMBER/>
      <VATCOMMODITYCODE/>
      <VATSUBCOMMODITYCODE/>
      <VATMAJORCOMMODITYNAME/>
      <STRDGSTDERIVEDLOCATIONTYPE/>
      <STRDGSTDERIVEDTAXABILITY/>
      <STRDGSTDERIVEDNATURETYPE/>
      <STRDGSTDERIVEDSUPPLYTYPE/>
      <TDSPARTYNAME/>
      <VATPARTYORGNAME/>
      <XBRLADJTYPE/>
      <VOUCHERFBTCATEGORY/>
      <TYPEOFTAXPAYMENT/>
      <VATCALCULATIONTYPE/>
      <VATWORKSCONTRACTTYPE/>
      <VATWCDESCRIPTION/>
      <GSTCLASS>&#4; Not Applicable</GSTCLASS>
      <SCHVIADJTYPE/>
      <GSTOVRDNCLASSIFICATION/>
      <GSTOVRDNNATURE/>
      <GSTOVRDNINELIGIBLEITC/>
      <GSTOVRDNISREVCHARGEAPPL/>
      <GSTOVRDNTAXABILITY/>
      <GSTHSNSACCODE/>
      <GSTSOURCETYPE/>
      <GSTITEMSOURCE/>
      <GSTLEDGERSOURCE/>
      <GSTGROUPSOURCE/>
      <GSTSTOCKGROUPSOURCE/>
      <HSNSOURCETYPE/>
      <HSNITEMSOURCE/>
      <HSNLEDGERSOURCE/>
      <HSNGROUPSOURCE/>
      <HSNSTOCKGROUPSOURCE/>
      <GSTOVRDNSTOREDNATURE/>
      <GSTOVRDNTYPEOFSUPPLY/>
      <GSTRATEINFERAPPLICABILITY/>
      <GSTOVRDNNATUREOFGOODS/>
      <GSTHSNNAME/>
      <GSTHSNDESCRIPTION/>
      <GSTHSNINFERAPPLICABILITY/>
      <HSNOVRDNCLASSIFICATION/>
      <STRDGSTFINALNATUREOFENTRY/>
      <STRDGSTDUTYHEAD/>
      <VATGOODSNATURE/>
      <GSTDEPGSTCLASSIFICATION/>
      <GSTDEPHSNCLASSIFICATION/>
      <POSPAYMENTTYPE/>
      <GSTPARTYLEDGER/>
      <ORIGPURCHPARTY/>
      <ORIGPURCHPARTYADDRESS/>
      <ORIGPURCHINVNO/>
      <ORIGPURCHNOTE/>
      <ISDEEMEDPOSITIVE>No</ISDEEMEDPOSITIVE>
      <LEDGERFROMITEM>No</LEDGERFROMITEM>
      <REMOVEZEROENTRIES/>
      <ISPARTYLEDGER>No</ISPARTYLEDGER>
      <GSTOVERRIDDEN>No</GSTOVERRIDDEN>
      <ISGSTASSESSABLEVALUEOVERRIDDEN>No</ISGSTASSESSABLEVALUEOVERRIDDEN>
      <STRDISGSTAPPLICABLE>No</STRDISGSTAPPLICABLE>
      <STRDGSTISPARTYLEDGER>No</STRDGSTISPARTYLEDGER>
      <STRDGSTISDUTYLEDGER>No</STRDGSTISDUTYLEDGER>
      <CONTENTNEGISPOS/>
      <ISLASTDEEMEDPOSITIVE>No</ISLASTDEEMEDPOSITIVE>
      <ISCAPVATTAXALTERED/>
      <ISCAPVATNOTCLAIMED>No</ISCAPVATNOTCLAIMED>
      <STCRADJPERCENT>0</STCRADJPERCENT>
      <ROUNDLIMIT> 1</ROUNDLIMIT>
      <RATEOFADDLVAT>0</RATEOFADDLVAT>
      <RATEOFCESSONVAT>0</RATEOFCESSONVAT>
      <VATTAXRATE>0</VATTAXRATE>
      <VATITEMQTY>0</VATITEMQTY>
      <VATWCDEDUCTRATE>0</VATWCDEDUCTRATE>
      <PREVINVTOTALNUM>0</PREVINVTOTALNUM>
      <VATWCDEDUCTIONRATE>0</VATWCDEDUCTIONRATE>
      <GSTTAXRATE>0</GSTTAXRATE>
      <ORIGINVGOODSQTY>0</ORIGINVGOODSQTY>
      <CAPVATTAXRATE>0</CAPVATTAXRATE>
      <AMOUNT>-0.16</AMOUNT>
      <CESSASSVALONCLASS/>
      <ADDNLVATCLASSAMT/>
      <EIDISCOUNTAMT/>
      <FBTEXEMPTAMOUNT/>
      <VATASSESSABLEVALUE/>
      <VATWCCOSTOFLAND/>
      <VATWCDEDLABOURCHARGES/>
      <VATWCOTHERDEDUCTIONAMT/>
      <VATWCVALUEOFTAXFREEGOODS/>
      <VATWCOTHERCHARGES/>
      <VATWCSUBCONTRACTORAMT/>
      <VATWCDEDUCTAMT/>
      <WCTOTALDEDUCTIONAMT/>
      <PREVAMOUNT/>
      <PREVINVTOTALAMT/>
      <VATWCDEDUCTIONAMOUNT/>
      <ORIGINVGOODSVALUE/>
      <CENVATCAPTINPUTAMT/>
      <GSTASSESSABLEVALUE/>
      <IGSTLIABILITY/>
      <CGSTLIABILITY/>
      <SGSTLIABILITY/>
      <GSTCESSLIABILITY/>
      <GSTOVRDNASSESSABLEVALUE/>
      <GSTASSBLVALUE/>
      <STRDCOMPUTEDASSESSABLEVALUE/>
      <STRDCOMPUTEDIGST/>
      <STRDCOMPUTEDCGST/>
      <STRDCOMPUTEDSGST/>
      <STRDCOMPUTEDCESS/>
      <STRDCOMPUTEDCESSONQTY/>
      <ORIGINVGOODSTAXVALUE/>
      <VATWCESTABLISHMENTCOST/>
      <VATWCCONTRACTORPROFIT/>
      <VATWCPLANNINGDESIGNFEES/>
      <VATWCMACHINERYTOOLSCHARGES/>
      <VATWCCONSUMABLESCOST/>
      <VATEXPAMOUNT>-0.16</VATEXPAMOUNT>
      <VATASSBLVALUE/>
      <VATACCEPTEDTAXAMT/>
      <VATACCEPTEDADDLTAXAMT/>
      <CASHRECEIVED/>
      <CAPVATASSEABLEVALUE/>
      <CAPVATTAXVALUE/>
      <ORIGPURCHVALUE/>
      <SUPPLYMARGVAL/>
      <STRDAPPRSTATECESSGST/>
      <STRDAPPROPRIATEDDISCOUNT/>
      <STRDEXCISETAX/>
      <SERVICETAXDETAILS.LIST>      </SERVICETAXDETAILS.LIST>
      <BANKALLOCATIONS.LIST>      </BANKALLOCATIONS.LIST>
      <BILLALLOCATIONS.LIST>      </BILLALLOCATIONS.LIST>
      <INTERESTCOLLECTION.LIST>      </INTERESTCOLLECTION.LIST>
      <OLDAUDITENTRIES.LIST>      </OLDAUDITENTRIES.LIST>
      <ACCOUNTAUDITENTRIES.LIST>      </ACCOUNTAUDITENTRIES.LIST>
      <AUDITENTRIES.LIST>      </AUDITENTRIES.LIST>
      <INPUTCRALLOCS.LIST>      </INPUTCRALLOCS.LIST>
      <DUTYHEADDETAILS.LIST>      </DUTYHEADDETAILS.LIST>
      <EXCISEDUTYHEADDETAILS.LIST>      </EXCISEDUTYHEADDETAILS.LIST>
      <RATEDETAILS.LIST>      </RATEDETAILS.LIST>
      <SUMMARYALLOCS.LIST>      </SUMMARYALLOCS.LIST>
      <CENVATDUTYALLOCATIONS.LIST>      </CENVATDUTYALLOCATIONS.LIST>
      <STPYMTDETAILS.LIST>      </STPYMTDETAILS.LIST>
      <EXCISEPAYMENTALLOCATIONS.LIST>      </EXCISEPAYMENTALLOCATIONS.LIST>
      <TAXBILLALLOCATIONS.LIST>      </TAXBILLALLOCATIONS.LIST>
      <TAXOBJECTALLOCATIONS.LIST>      </TAXOBJECTALLOCATIONS.LIST>
      <TDSEXPENSEALLOCATIONS.LIST>      </TDSEXPENSEALLOCATIONS.LIST>
      <VATSTATUTORYDETAILS.LIST>      </VATSTATUTORYDETAILS.LIST>
      <COSTTRACKALLOCATIONS.LIST>      </COSTTRACKALLOCATIONS.LIST>
      <REFVOUCHERDETAILS.LIST>      </REFVOUCHERDETAILS.LIST>
      <INVOICEWISEDETAILS.LIST>      </INVOICEWISEDETAILS.LIST>
      <VATITCDETAILS.LIST>      </VATITCDETAILS.LIST>
      <ADVANCETAXDETAILS.LIST>      </ADVANCETAXDETAILS.LIST>
      <TAXTYPEALLOCATIONS.LIST>      </TAXTYPEALLOCATIONS.LIST>
     </LEDGERENTRIES.LIST>
     <ALLLEDGERENTRIES.LIST>
      <OLDAUDITENTRYIDS.LIST TYPE="Number">
       <OLDAUDITENTRYIDS>-1</OLDAUDITENTRYIDS>
      </OLDAUDITENTRYIDS.LIST>
      <ORIGPURCHINVDATE/>
      <NARRATION/>
      <ADDLALLOCTYPE/>
      <TAXCLASSIFICATIONNAME/>
      <APPROPRIATEFOR/>
      <GSTDUTYHEAD/>
      <GSTAPPROPRIATETO/>
      <NOTIFICATIONSLNO/>
      <EXCISEALLOCTYPE/>
      <SWIFTCODE/>
      <ROUNDTYPE/>
      <LEDGERNAME>Symbiosis</LEDGERNAME>
      <TAXUNITNAME/>
      <STATNATURENAME/>
      <GOODSTYPE/>
      <VATTRADENAME/>
      <METHODTYPE/>
      <CLASSRATE/>
      <STATCLASSIFICATIONNAME/>
      <EXCISECLASSIFICATIONNAME/>
      <ISZRBASICSERVICE/>
      <VATCOMMODITYNAME/>
      <SCHEDULE/>
      <SCHEDULESERIALNUMBER/>
      <VATCOMMODITYCODE/>
      <VATSUBCOMMODITYCODE/>
      <VATMAJORCOMMODITYNAME/>
      <STRDGSTDERIVEDLOCATIONTYPE/>
      <STRDGSTDERIVEDTAXABILITY/>
      <STRDGSTDERIVEDNATURETYPE/>
      <STRDGSTDERIVEDSUPPLYTYPE/>
      <TDSPARTYNAME/>
      <VATPARTYORGNAME/>
      <XBRLADJTYPE/>
      <VOUCHERFBTCATEGORY/>
      <TYPEOFTAXPAYMENT/>
      <VATCALCULATIONTYPE/>
      <VATWORKSCONTRACTTYPE/>
      <VATWCDESCRIPTION/>
      <GSTCLASS>&#4; Not Applicable</GSTCLASS>
      <SCHVIADJTYPE/>
      <GSTOVRDNCLASSIFICATION/>
      <GSTOVRDNNATURE/>
      <GSTOVRDNINELIGIBLEITC/>
      <GSTOVRDNISREVCHARGEAPPL/>
      <GSTOVRDNTAXABILITY/>
      <GSTHSNSACCODE/>
      <GSTSOURCETYPE/>
      <GSTITEMSOURCE/>
      <GSTLEDGERSOURCE/>
      <GSTGROUPSOURCE/>
      <GSTSTOCKGROUPSOURCE/>
      <HSNSOURCETYPE/>
      <HSNITEMSOURCE/>
      <HSNLEDGERSOURCE/>
      <HSNGROUPSOURCE/>
      <HSNSTOCKGROUPSOURCE/>
      <GSTOVRDNSTOREDNATURE/>
      <GSTOVRDNTYPEOFSUPPLY/>
      <GSTRATEINFERAPPLICABILITY/>
      <GSTOVRDNNATUREOFGOODS/>
      <GSTHSNNAME/>
      <GSTHSNDESCRIPTION/>
      <GSTHSNINFERAPPLICABILITY/>
      <HSNOVRDNCLASSIFICATION/>
      <STRDGSTFINALNATUREOFENTRY/>
      <STRDGSTDUTYHEAD/>
      <VATGOODSNATURE/>
      <GSTDEPGSTCLASSIFICATION/>
      <GSTDEPHSNCLASSIFICATION/>
      <POSPAYMENTTYPE/>
      <GSTPARTYLEDGER/>
      <ORIGPURCHPARTY/>
      <ORIGPURCHPARTYADDRESS/>
      <ORIGPURCHINVNO/>
      <ORIGPURCHNOTE/>
      <ISDEEMEDPOSITIVE>Yes</ISDEEMEDPOSITIVE>
      <LEDGERFROMITEM>No</LEDGERFROMITEM>
      <REMOVEZEROENTRIES/>
      <ISPARTYLEDGER>Yes</ISPARTYLEDGER>
      <GSTOVERRIDDEN>No</GSTOVERRIDDEN>
      <ISGSTASSESSABLEVALUEOVERRIDDEN>No</ISGSTASSESSABLEVALUEOVERRIDDEN>
      <STRDISGSTAPPLICABLE>No</STRDISGSTAPPLICABLE>
      <STRDGSTISPARTYLEDGER>No</STRDGSTISPARTYLEDGER>
      <STRDGSTISDUTYLEDGER>No</STRDGSTISDUTYLEDGER>
      <CONTENTNEGISPOS/>
      <ISLASTDEEMEDPOSITIVE>Yes</ISLASTDEEMEDPOSITIVE>
      <ISCAPVATTAXALTERED/>
      <ISCAPVATNOTCLAIMED>No</ISCAPVATNOTCLAIMED>
      <STCRADJPERCENT>0</STCRADJPERCENT>
      <ROUNDLIMIT>0</ROUNDLIMIT>
      <RATEOFADDLVAT>0</RATEOFADDLVAT>
      <RATEOFCESSONVAT>0</RATEOFCESSONVAT>
      <VATTAXRATE>0</VATTAXRATE>
      <VATITEMQTY>0</VATITEMQTY>
      <VATWCDEDUCTRATE>0</VATWCDEDUCTRATE>
      <PREVINVTOTALNUM>0</PREVINVTOTALNUM>
      <VATWCDEDUCTIONRATE>0</VATWCDEDUCTIONRATE>
      <GSTTAXRATE>0</GSTTAXRATE>
      <ORIGINVGOODSQTY>0</ORIGINVGOODSQTY>
      <CAPVATTAXRATE>0</CAPVATTAXRATE>
      <AMOUNT>-4970.00</AMOUNT>
      <CESSASSVALONCLASS/>
      <ADDNLVATCLASSAMT/>
      <EIDISCOUNTAMT/>
      <FBTEXEMPTAMOUNT/>
      <VATASSESSABLEVALUE/>
      <VATWCCOSTOFLAND/>
      <VATWCDEDLABOURCHARGES/>
      <VATWCOTHERDEDUCTIONAMT/>
      <VATWCVALUEOFTAXFREEGOODS/>
      <VATWCOTHERCHARGES/>
      <VATWCSUBCONTRACTORAMT/>
      <VATWCDEDUCTAMT/>
      <WCTOTALDEDUCTIONAMT/>
      <PREVAMOUNT/>
      <PREVINVTOTALAMT/>
      <VATWCDEDUCTIONAMOUNT/>
      <ORIGINVGOODSVALUE/>
      <CENVATCAPTINPUTAMT/>
      <GSTASSESSABLEVALUE/>
      <IGSTLIABILITY/>
      <CGSTLIABILITY/>
      <SGSTLIABILITY/>
      <GSTCESSLIABILITY/>
      <GSTOVRDNASSESSABLEVALUE/>
      <GSTASSBLVALUE/>
      <STRDCOMPUTEDASSESSABLEVALUE/>
      <STRDCOMPUTEDIGST/>
      <STRDCOMPUTEDCGST/>
      <STRDCOMPUTEDSGST/>
      <STRDCOMPUTEDCESS/>
      <STRDCOMPUTEDCESSONQTY/>
      <ORIGINVGOODSTAXVALUE/>
      <VATWCESTABLISHMENTCOST/>
      <VATWCCONTRACTORPROFIT/>
      <VATWCPLANNINGDESIGNFEES/>
      <VATWCMACHINERYTOOLSCHARGES/>
      <VATWCCONSUMABLESCOST/>
      <VATEXPAMOUNT/>
      <VATASSBLVALUE/>
      <VATACCEPTEDTAXAMT/>
      <VATACCEPTEDADDLTAXAMT/>
      <CASHRECEIVED/>
      <CAPVATASSEABLEVALUE/>
      <CAPVATTAXVALUE/>
      <ORIGPURCHVALUE/>
      <SUPPLYMARGVAL/>
      <STRDAPPRSTATECESSGST/>
      <STRDAPPROPRIATEDDISCOUNT/>
      <STRDEXCISETAX/>
      <SERVICETAXDETAILS.LIST>      </SERVICETAXDETAILS.LIST>
      <BANKALLOCATIONS.LIST>      </BANKALLOCATIONS.LIST>
      <BILLALLOCATIONS.LIST>
       <BILLDATE TYPE="Date">20260401</BILLDATE>
       <YEAREND/>
       <BILLCREATIONDATE TYPE="Date">20260401</BILLCREATIONDATE>
       <NAME>16699</NAME>
       <BILLCREDITPERIOD/>
       <TDSDEDUCTEESECTIONNUMBER/>
       <TDSLEDGERNC/>
       <SERVICETAXLEDGER/>
       <BILLTYPE>New Ref</BILLTYPE>
       <SUMNAME/>
       <TDSDEDUCTEEISSPECIALRATE>No</TDSDEDUCTEEISSPECIALRATE>
       <TDSDEDUCTEESPECIALRATE>0</TDSDEDUCTEESPECIALRATE>
       <BILLID TYPE="Number"> 47578</BILLID>
       <AMOUNT>-4970.00</AMOUNT>
       <INTERESTCOLLECTION.LIST>       </INTERESTCOLLECTION.LIST>
       <STBILLCATEGORIES.LIST>       </STBILLCATEGORIES.LIST>
      </BILLALLOCATIONS.LIST>
      <INTERESTCOLLECTION.LIST>      </INTERESTCOLLECTION.LIST>
      <OLDAUDITENTRIES.LIST>      </OLDAUDITENTRIES.LIST>
      <ACCOUNTAUDITENTRIES.LIST>      </ACCOUNTAUDITENTRIES.LIST>
      <AUDITENTRIES.LIST>      </AUDITENTRIES.LIST>
      <INPUTCRALLOCS.LIST>      </INPUTCRALLOCS.LIST>
      <DUTYHEADDETAILS.LIST>      </DUTYHEADDETAILS.LIST>
      <EXCISEDUTYHEADDETAILS.LIST>      </EXCISEDUTYHEADDETAILS.LIST>
      <RATEDETAILS.LIST>      </RATEDETAILS.LIST>
      <SUMMARYALLOCS.LIST>      </SUMMARYALLOCS.LIST>
      <CENVATDUTYALLOCATIONS.LIST>      </CENVATDUTYALLOCATIONS.LIST>
      <STPYMTDETAILS.LIST>      </STPYMTDETAILS.LIST>
      <EXCISEPAYMENTALLOCATIONS.LIST>      </EXCISEPAYMENTALLOCATIONS.LIST>
      <TAXBILLALLOCATIONS.LIST>      </TAXBILLALLOCATIONS.LIST>
      <TAXOBJECTALLOCATIONS.LIST>      </TAXOBJECTALLOCATIONS.LIST>
      <TDSEXPENSEALLOCATIONS.LIST>      </TDSEXPENSEALLOCATIONS.LIST>
      <VATSTATUTORYDETAILS.LIST>      </VATSTATUTORYDETAILS.LIST>
      <COSTTRACKALLOCATIONS.LIST>      </COSTTRACKALLOCATIONS.LIST>
      <REFVOUCHERDETAILS.LIST>      </REFVOUCHERDETAILS.LIST>
      <INVOICEWISEDETAILS.LIST>      </INVOICEWISEDETAILS.LIST>
      <VATITCDETAILS.LIST>      </VATITCDETAILS.LIST>
      <ADVANCETAXDETAILS.LIST>      </ADVANCETAXDETAILS.LIST>
      <TAXTYPEALLOCATIONS.LIST>      </TAXTYPEALLOCATIONS.LIST>
     </ALLLEDGERENTRIES.LIST>
     <ALLLEDGERENTRIES.LIST>
      <OLDAUDITENTRYIDS.LIST TYPE="Number">
       <OLDAUDITENTRYIDS>-1</OLDAUDITENTRYIDS>
      </OLDAUDITENTRYIDS.LIST>
      <ORIGPURCHINVDATE/>
      <NARRATION/>
      <ADDLALLOCTYPE/>
      <TAXCLASSIFICATIONNAME/>
      <APPROPRIATEFOR/>
      <GSTDUTYHEAD/>
      <GSTAPPROPRIATETO/>
      <NOTIFICATIONSLNO/>
      <EXCISEALLOCTYPE/>
      <SWIFTCODE/>
      <ROUNDTYPE/>
      <LEDGERNAME>Sales Local Taxable - GST 18%</LEDGERNAME>
      <TAXUNITNAME/>
      <STATNATURENAME/>
      <GOODSTYPE/>
      <VATTRADENAME/>
      <METHODTYPE/>
      <CLASSRATE/>
      <STATCLASSIFICATIONNAME/>
      <EXCISECLASSIFICATIONNAME/>
      <ISZRBASICSERVICE/>
      <VATCOMMODITYNAME/>
      <SCHEDULE/>
      <SCHEDULESERIALNUMBER/>
      <VATCOMMODITYCODE/>
      <VATSUBCOMMODITYCODE/>
      <VATMAJORCOMMODITYNAME/>
      <STRDGSTDERIVEDLOCATIONTYPE/>
      <STRDGSTDERIVEDTAXABILITY/>
      <STRDGSTDERIVEDNATURETYPE/>
      <STRDGSTDERIVEDSUPPLYTYPE/>
      <TDSPARTYNAME/>
      <VATPARTYORGNAME/>
      <XBRLADJTYPE/>
      <VOUCHERFBTCATEGORY/>
      <TYPEOFTAXPAYMENT/>
      <VATCALCULATIONTYPE/>
      <VATWORKSCONTRACTTYPE/>
      <VATWCDESCRIPTION/>
      <GSTCLASS>&#4; Not Applicable</GSTCLASS>
      <SCHVIADJTYPE/>
      <GSTOVRDNCLASSIFICATION/>
      <GSTOVRDNNATURE/>
      <GSTOVRDNINELIGIBLEITC/>
      <GSTOVRDNISREVCHARGEAPPL/>
      <GSTOVRDNTAXABILITY/>
      <GSTHSNSACCODE/>
      <GSTSOURCETYPE/>
      <GSTITEMSOURCE/>
      <GSTLEDGERSOURCE/>
      <GSTGROUPSOURCE/>
      <GSTSTOCKGROUPSOURCE/>
      <HSNSOURCETYPE/>
      <HSNITEMSOURCE/>
      <HSNLEDGERSOURCE/>
      <HSNGROUPSOURCE/>
      <HSNSTOCKGROUPSOURCE/>
      <GSTOVRDNSTOREDNATURE/>
      <GSTOVRDNTYPEOFSUPPLY/>
      <GSTRATEINFERAPPLICABILITY/>
      <GSTOVRDNNATUREOFGOODS/>
      <GSTHSNNAME/>
      <GSTHSNDESCRIPTION/>
      <GSTHSNINFERAPPLICABILITY/>
      <HSNOVRDNCLASSIFICATION/>
      <STRDGSTFINALNATUREOFENTRY/>
      <STRDGSTDUTYHEAD/>
      <VATGOODSNATURE/>
      <GSTDEPGSTCLASSIFICATION/>
      <GSTDEPHSNCLASSIFICATION/>
      <POSPAYMENTTYPE/>
      <GSTPARTYLEDGER/>
      <ORIGPURCHPARTY/>
      <ORIGPURCHPARTYADDRESS/>
      <ORIGPURCHINVNO/>
      <ORIGPURCHNOTE/>
      <ISDEEMEDPOSITIVE>No</ISDEEMEDPOSITIVE>
      <LEDGERFROMITEM>No</LEDGERFROMITEM>
      <REMOVEZEROENTRIES/>
      <ISPARTYLEDGER>No</ISPARTYLEDGER>
      <GSTOVERRIDDEN>No</GSTOVERRIDDEN>
      <ISGSTASSESSABLEVALUEOVERRIDDEN>No</ISGSTASSESSABLEVALUEOVERRIDDEN>
      <STRDISGSTAPPLICABLE>No</STRDISGSTAPPLICABLE>
      <STRDGSTISPARTYLEDGER>No</STRDGSTISPARTYLEDGER>
      <STRDGSTISDUTYLEDGER>No</STRDGSTISDUTYLEDGER>
      <CONTENTNEGISPOS/>
      <ISLASTDEEMEDPOSITIVE>No</ISLASTDEEMEDPOSITIVE>
      <ISCAPVATTAXALTERED/>
      <ISCAPVATNOTCLAIMED>No</ISCAPVATNOTCLAIMED>
      <STCRADJPERCENT>0</STCRADJPERCENT>
      <ROUNDLIMIT>0</ROUNDLIMIT>
      <RATEOFADDLVAT>0</RATEOFADDLVAT>
      <RATEOFCESSONVAT>0</RATEOFCESSONVAT>
      <VATTAXRATE>0</VATTAXRATE>
      <VATITEMQTY>0</VATITEMQTY>
      <VATWCDEDUCTRATE>0</VATWCDEDUCTRATE>
      <PREVINVTOTALNUM>0</PREVINVTOTALNUM>
      <VATWCDEDUCTIONRATE>0</VATWCDEDUCTIONRATE>
      <GSTTAXRATE>0</GSTTAXRATE>
      <ORIGINVGOODSQTY>0</ORIGINVGOODSQTY>
      <CAPVATTAXRATE>0</CAPVATTAXRATE>
      <AMOUNT>4212.00</AMOUNT>
      <CESSASSVALONCLASS/>
      <ADDNLVATCLASSAMT/>
      <EIDISCOUNTAMT/>
      <FBTEXEMPTAMOUNT/>
      <VATASSESSABLEVALUE/>
      <VATWCCOSTOFLAND/>
      <VATWCDEDLABOURCHARGES/>
      <VATWCOTHERDEDUCTIONAMT/>
      <VATWCVALUEOFTAXFREEGOODS/>
      <VATWCOTHERCHARGES/>
      <VATWCSUBCONTRACTORAMT/>
      <VATWCDEDUCTAMT/>
      <WCTOTALDEDUCTIONAMT/>
      <PREVAMOUNT/>
      <PREVINVTOTALAMT/>
      <VATWCDEDUCTIONAMOUNT/>
      <ORIGINVGOODSVALUE/>
      <CENVATCAPTINPUTAMT/>
      <GSTASSESSABLEVALUE/>
      <IGSTLIABILITY/>
      <CGSTLIABILITY/>
      <SGSTLIABILITY/>
      <GSTCESSLIABILITY/>
      <GSTOVRDNASSESSABLEVALUE/>
      <GSTASSBLVALUE/>
      <STRDCOMPUTEDASSESSABLEVALUE/>
      <STRDCOMPUTEDIGST/>
      <STRDCOMPUTEDCGST/>
      <STRDCOMPUTEDSGST/>
      <STRDCOMPUTEDCESS/>
      <STRDCOMPUTEDCESSONQTY/>
      <ORIGINVGOODSTAXVALUE/>
      <VATWCESTABLISHMENTCOST/>
      <VATWCCONTRACTORPROFIT/>
      <VATWCPLANNINGDESIGNFEES/>
      <VATWCMACHINERYTOOLSCHARGES/>
      <VATWCCONSUMABLESCOST/>
      <VATEXPAMOUNT/>
      <VATASSBLVALUE/>
      <VATACCEPTEDTAXAMT/>
      <VATACCEPTEDADDLTAXAMT/>
      <CASHRECEIVED/>
      <CAPVATASSEABLEVALUE/>
      <CAPVATTAXVALUE/>
      <ORIGPURCHVALUE/>
      <SUPPLYMARGVAL/>
      <STRDAPPRSTATECESSGST/>
      <STRDAPPROPRIATEDDISCOUNT/>
      <STRDEXCISETAX/>
      <SERVICETAXDETAILS.LIST>      </SERVICETAXDETAILS.LIST>
      <BANKALLOCATIONS.LIST>      </BANKALLOCATIONS.LIST>
      <BILLALLOCATIONS.LIST>      </BILLALLOCATIONS.LIST>
      <INTERESTCOLLECTION.LIST>      </INTERESTCOLLECTION.LIST>
      <OLDAUDITENTRIES.LIST>      </OLDAUDITENTRIES.LIST>
      <ACCOUNTAUDITENTRIES.LIST>      </ACCOUNTAUDITENTRIES.LIST>
      <AUDITENTRIES.LIST>      </AUDITENTRIES.LIST>
      <INPUTCRALLOCS.LIST>      </INPUTCRALLOCS.LIST>
      <INVENTORYALLOCATIONS.LIST>
       <BASICUSERDESCRIPTION.LIST TYPE="String">
        <BASICUSERDESCRIPTION>BWP IS 710</BASICUSERDESCRIPTION>
       </BASICUSERDESCRIPTION.LIST>
       <ORIGINVOICEDATE/>
       <ORIGSALESINVDATE/>
       <DESCRIPTION/>
       <STOCKITEMNAME>GreenPanel 2.44 x 1.22 x 19 MM</STOCKITEMNAME>
       <STATNATURENAME/>
       <EXCISECLASSIFICATIONNAME/>
       <ISZRBASICSERVICE/>
       <STRDGSTDERIVEDLOCATIONTYPE/>
       <STRDGSTDERIVEDTAXABILITY/>
       <STRDGSTDERIVEDNATURETYPE/>
       <STRDGSTDERIVEDSUPPLYTYPE/>
       <GSTOVRDNCLASSIFICATION/>
       <GSTOVRDNNATURE/>
       <GSTOVRDNINELIGIBLEITC/>
       <GSTOVRDNISREVCHARGEAPPL>&#4; Not Applicable</GSTOVRDNISREVCHARGEAPPL>
       <GSTOVRDNTAXABILITY>Taxable</GSTOVRDNTAXABILITY>
       <GSTSOURCETYPE>Stock Item</GSTSOURCETYPE>
       <GSTITEMSOURCE>GreenPanel 2.44 x 1.22 x 19 MM</GSTITEMSOURCE>
       <GSTLEDGERSOURCE/>
       <GSTGROUPSOURCE/>
       <GSTSTOCKGROUPSOURCE/>
       <HSNSOURCETYPE>Stock Item</HSNSOURCETYPE>
       <HSNITEMSOURCE>GreenPanel 2.44 x 1.22 x 19 MM</HSNITEMSOURCE>
       <HSNLEDGERSOURCE/>
       <HSNGROUPSOURCE/>
       <HSNSTOCKGROUPSOURCE/>
       <GSTOVRDNSTOREDNATURE>&#4; System Inferred</GSTOVRDNSTOREDNATURE>
       <GSTOVRDNTYPEOFSUPPLY>Goods</GSTOVRDNTYPEOFSUPPLY>
       <GSTRATEINFERAPPLICABILITY>As per Masters/Company</GSTRATEINFERAPPLICABILITY>
       <GSTOVRDNNATUREOFGOODS/>
       <GSTHSNNAME>44123190</GSTHSNNAME>
       <GSTHSNDESCRIPTION/>
       <GSTHSNINFERAPPLICABILITY>As per Masters/Company</GSTHSNINFERAPPLICABILITY>
       <HSNOVRDNCLASSIFICATION/>
       <STRDGSTFINALNATUREOFENTRY/>
       <GSTDEPGSTCLASSIFICATION/>
       <GSTDEPHSNCLASSIFICATION/>
       <EXCISETARIFF/>
       <EXCISEEXEMPTION/>
       <TRADERCNSALESNUMBER/>
       <BASICPACKAGEMARKS/>
       <BASICNUMPACKAGES/>
       <SDTAXCLASSIFICATIONNAME/>
       <NATUREOFCOMPONENT/>
       <COMPONENTLISTTYPE/>
       <DISPLAYNATUREOFCOMPONENT/>
       <BOMNAME/>
       <ORIGINVOICENUMBER/>
       <ORIGINVOICEBOOKNAME/>
       <ORIGSALESINVNO/>
       <EXCISERETURNINVOICENO/>
       <REASONOFREJECTION/>
       <EXCISECREDITPARTY/>
       <EXCISECREDITSTKITEM/>
       <EXCISECREDITCATEGORY/>
       <TRADERSUPPLIERINVOICENO/>
       <EXCISESALESINVOICENO/>
       <GSTITEMUQC/>
       <GSTITEMUQCUOM/>
       <ADDLAMOUNT/>
       <ISDEEMEDPOSITIVE>No</ISDEEMEDPOSITIVE>
       <ISGSTASSESSABLEVALUEOVERRIDDEN/>
       <STRDISGSTAPPLICABLE/>
       <CONTENTNEGISPOS/>
       <ISLASTDEEMEDPOSITIVE>No</ISLASTDEEMEDPOSITIVE>
       <ISAUTONEGATE>No</ISAUTONEGATE>
       <ISCUSTOMSCLEARANCE/>
       <ISTRACKCOMPONENT/>
       <ISTRACKPRODUCTION/>
       <ISPRIMARYITEM/>
       <ISSCRAP>No</ISSCRAP>
       <RATE>3312.00/nos</RATE>
       <DISCOUNT>0</DISCOUNT>
       <VATTAXRATE>0</VATTAXRATE>
       <ORIGINVGOODSQTY>0</ORIGINVGOODSQTY>
       <EXCISEMRPABATEMENT>0</EXCISEMRPABATEMENT>
       <ADDLCOSTPERC>0</ADDLCOSTPERC>
       <REVISEDRATEOFDUTY>0</REVISEDRATEOFDUTY>
       <ORIGRATEOFDUTY>0</ORIGRATEOFDUTY>
       <ORIGMRPABATEMENT>0</ORIGMRPABATEMENT>
       <EXCISERETURNDUTYRATE>0</EXCISERETURNDUTYRATE>
       <GVATEXCISERATE>0</GVATEXCISERATE>
       <AMOUNT>3312.00</AMOUNT>
       <EXCISEASSESSABLEVALUE/>
       <CESSASSVALONCLASS/>
       <EIDISCOUNTAMT/>
       <VATASSESSABLEVALUE/>
       <VATWCDEDUCTAMT/>
       <WCTOTALDEDUCTIONAMT/>
       <ORIGINVGOODSVALUE/>
       <GSTOVRDNASSESSABLEVALUE/>
       <GSTASSBLVALUE/>
       <STRDCOMPUTEDASSESSABLEVALUE/>
       <STRDCOMPUTEDIGST/>
       <STRDCOMPUTEDCGST/>
       <STRDCOMPUTEDSGST/>
       <STRDCOMPUTEDCESS/>
       <STRDCOMPUTEDCESSONQTY/>
       <ORIGINVGOODSTAXVALUE/>
       <VATASSBLVALUE/>
       <VATACCEPTEDTAXAMT/>
       <VATACCEPTEDADDLTAXAMT/>
       <STRDAPPRSTATECESSGST/>
       <STRDAPPROPRIATEDDISCOUNT/>
       <STRDEXCISETAX/>
       <VATINPUTTAXCREDIT/>
       <VATELIGIBLECREDIT/>
       <GVATEXCISEAMT/>
       <ACTUALQTY> 1.00 nos =  32.0000 sqft</ACTUALQTY>
       <BILLEDQTY> 1.00 nos =  32.0000 sqft</BILLEDQTY>
       <ORIGACTUALQTY/>
       <ORIGBILLEDQTY/>
       <EXCISERETURNINVOICEQTY/>
       <USABLEQTY/>
       <EXCISECREDITPENDINGQTY/>
       <MRPRATE/>
       <EXCISEMRPRATE/>
       <ORIGRATE/>
       <REVISEDRATE/>
       <ESCALATIONRATE/>
       <ORIGMRPRATE/>
       <ORIGRATEOFQTY/>
       <REVISEDRATEOFQTY/>
       <INCLVATRATE/>
       <BATCHALLOCATIONS.LIST>
        <MFDON/>
        <ORDERYEAREND/>
        <TRACKINGYEAREND/>
        <ORDERPRECLOSUREDATE/>
        <NARRATION/>
        <GODOWNNAME>Main Location</GODOWNNAME>
        <BATCHNAME>Primary Batch</BATCHNAME>
        <DESTINATIONGODOWNNAME/>
        <INDENTNO>&#4; Not Applicable</INDENTNO>
        <ORDERTYPE/>
        <PARENTITEM/>
        <ORDERCLOSUREREASON/>
        <ORDERNO>&#4; Not Applicable</ORDERNO>
        <TRACKINGNUMBER>13062</TRACKINGNUMBER>
        <DYNAMICCSTNO/>
        <DYNAMICCSTPARENTITEM/>
        <SUMDYNAMICCSTNO/>
        <SUMBATCHNAME/>
        <SUMTRACKINGNUMBER/>
        <SUMORDERNO/>
        <SUMINDENTNO/>
        <ADDLAMOUNT/>
        <DYNAMICCSTISCLEARED>No</DYNAMICCSTISCLEARED>
        <TRACKID TYPE="Number"> 47579</TRACKID>
        <BATCHID TYPE="Number"> 30843</BATCHID>
        <BATCHDISCOUNT TYPE="Number">0</BATCHDISCOUNT>
        <AMOUNT>3312.00</AMOUNT>
        <ADDLEXPENSEAMOUNT/>
        <BATCHDIFFVAL/>
        <ACTUALQTY> 1.00 nos =  32.0000 sqft</ACTUALQTY>
        <BILLEDQTY> 1.00 nos =  32.0000 sqft</BILLEDQTY>
        <ORDERPRECLOSUREQTY/>
        <ORIGACTUALQTY/>
        <ORIGBILLEDQTY/>
        <BATCHPHYSDIFF/>
        <ORIGRATE/>
        <REVISEDRATE/>
        <ESCALATIONRATE/>
        <INCLVATRATE/>
        <BATCHRATE TYPE="Rate">3312.00/nos</BATCHRATE>
        <EXPIRYPERIOD/>
        <INDENTDUEDATE/>
        <ORDERDUEDATE/>
        <ADDITIONALDETAILS.LIST>        </ADDITIONALDETAILS.LIST>
        <VOUCHERCOMPONENTLIST.LIST>        </VOUCHERCOMPONENTLIST.LIST>
       </BATCHALLOCATIONS.LIST>
       <DUTYHEADDETAILS.LIST>       </DUTYHEADDETAILS.LIST>
       <RATEDETAILS.LIST>
        <GSTRATEDUTYHEAD>CGST</GSTRATEDUTYHEAD>
        <GSTRATEVALUATIONTYPE>Based on Value</GSTRATEVALUATIONTYPE>
        <GSTRATE> 9</GSTRATE>
        <GSTRATEPERUNIT>0</GSTRATEPERUNIT>
       </RATEDETAILS.LIST>
       <RATEDETAILS.LIST>
        <GSTRATEDUTYHEAD>SGST/UTGST</GSTRATEDUTYHEAD>
        <GSTRATEVALUATIONTYPE>Based on Value</GSTRATEVALUATIONTYPE>
        <GSTRATE> 9</GSTRATE>
        <GSTRATEPERUNIT>0</GSTRATEPERUNIT>
       </RATEDETAILS.LIST>
       <RATEDETAILS.LIST>
        <GSTRATEDUTYHEAD>IGST</GSTRATEDUTYHEAD>
        <GSTRATEVALUATIONTYPE>Based on Value</GSTRATEVALUATIONTYPE>
        <GSTRATE> 18</GSTRATE>
        <GSTRATEPERUNIT>0</GSTRATEPERUNIT>
       </RATEDETAILS.LIST>
       <RATEDETAILS.LIST>
        <GSTRATEDUTYHEAD>Cess</GSTRATEDUTYHEAD>
        <GSTRATEVALUATIONTYPE>&#4; Not Applicable</GSTRATEVALUATIONTYPE>
        <GSTRATE>0</GSTRATE>
        <GSTRATEPERUNIT>0</GSTRATEPERUNIT>
       </RATEDETAILS.LIST>
       <RATEDETAILS.LIST>
        <GSTRATEDUTYHEAD>State Cess</GSTRATEDUTYHEAD>
        <GSTRATEVALUATIONTYPE>Based on Value</GSTRATEVALUATIONTYPE>
        <GSTRATE>0</GSTRATE>
        <GSTRATEPERUNIT>0</GSTRATEPERUNIT>
       </RATEDETAILS.LIST>
       <SUPPLEMENTARYDUTYHEADDETAILS.LIST>       </SUPPLEMENTARYDUTYHEADDETAILS.LIST>
       <TAXOBJECTALLOCATIONS.LIST>       </TAXOBJECTALLOCATIONS.LIST>
       <COSTTRACKALLOCATIONS.LIST>       </COSTTRACKALLOCATIONS.LIST>
       <REFVOUCHERDETAILS.LIST>       </REFVOUCHERDETAILS.LIST>
       <EXCISEALLOCATIONS.LIST>       </EXCISEALLOCATIONS.LIST>
       <EXPENSEALLOCATIONS.LIST>       </EXPENSEALLOCATIONS.LIST>
      </INVENTORYALLOCATIONS.LIST>
      <INVENTORYALLOCATIONS.LIST>
       <BASICUSERDESCRIPTION.LIST TYPE="String">
        <BASICUSERDESCRIPTION>5 x 1.5</BASICUSERDESCRIPTION>
       </BASICUSERDESCRIPTION.LIST>
       <ORIGINVOICEDATE/>
       <ORIGSALESINVDATE/>
       <DESCRIPTION/>
       <STOCKITEMNAME>Btc Wood</STOCKITEMNAME>
       <STATNATURENAME/>
       <EXCISECLASSIFICATIONNAME/>
       <ISZRBASICSERVICE/>
       <STRDGSTDERIVEDLOCATIONTYPE/>
       <STRDGSTDERIVEDTAXABILITY/>
       <STRDGSTDERIVEDNATURETYPE/>
       <STRDGSTDERIVEDSUPPLYTYPE/>
       <GSTOVRDNCLASSIFICATION/>
       <GSTOVRDNNATURE/>
       <GSTOVRDNINELIGIBLEITC/>
       <GSTOVRDNISREVCHARGEAPPL>&#4; Not Applicable</GSTOVRDNISREVCHARGEAPPL>
       <GSTOVRDNTAXABILITY>Taxable</GSTOVRDNTAXABILITY>
       <GSTSOURCETYPE>Stock Item</GSTSOURCETYPE>
       <GSTITEMSOURCE>Btc Wood</GSTITEMSOURCE>
       <GSTLEDGERSOURCE/>
       <GSTGROUPSOURCE/>
       <GSTSTOCKGROUPSOURCE/>
       <HSNSOURCETYPE>Stock Item</HSNSOURCETYPE>
       <HSNITEMSOURCE>Btc Wood</HSNITEMSOURCE>
       <HSNLEDGERSOURCE/>
       <HSNGROUPSOURCE/>
       <HSNSTOCKGROUPSOURCE/>
       <GSTOVRDNSTOREDNATURE>&#4; System Inferred</GSTOVRDNSTOREDNATURE>
       <GSTOVRDNTYPEOFSUPPLY>Goods</GSTOVRDNTYPEOFSUPPLY>
       <GSTRATEINFERAPPLICABILITY>As per Masters/Company</GSTRATEINFERAPPLICABILITY>
       <GSTOVRDNNATUREOFGOODS/>
       <GSTHSNNAME>44072910</GSTHSNNAME>
       <GSTHSNDESCRIPTION>Teakwood</GSTHSNDESCRIPTION>
       <GSTHSNINFERAPPLICABILITY>As per Masters/Company</GSTHSNINFERAPPLICABILITY>
       <HSNOVRDNCLASSIFICATION/>
       <STRDGSTFINALNATUREOFENTRY/>
       <GSTDEPGSTCLASSIFICATION/>
       <GSTDEPHSNCLASSIFICATION/>
       <EXCISETARIFF/>
       <EXCISEEXEMPTION/>
       <TRADERCNSALESNUMBER/>
       <BASICPACKAGEMARKS/>
       <BASICNUMPACKAGES/>
       <SDTAXCLASSIFICATIONNAME/>
       <NATUREOFCOMPONENT/>
       <COMPONENTLISTTYPE/>
       <DISPLAYNATUREOFCOMPONENT/>
       <BOMNAME/>
       <ORIGINVOICENUMBER/>
       <ORIGINVOICEBOOKNAME/>
       <ORIGSALESINVNO/>
       <EXCISERETURNINVOICENO/>
       <REASONOFREJECTION/>
       <EXCISECREDITPARTY/>
       <EXCISECREDITSTKITEM/>
       <EXCISECREDITCATEGORY/>
       <TRADERSUPPLIERINVOICENO/>
       <EXCISESALESINVOICENO/>
       <GSTITEMUQC/>
       <GSTITEMUQCUOM/>
       <ADDLAMOUNT/>
       <ISDEEMEDPOSITIVE>No</ISDEEMEDPOSITIVE>
       <ISGSTASSESSABLEVALUEOVERRIDDEN/>
       <STRDISGSTAPPLICABLE/>
       <CONTENTNEGISPOS/>
       <ISLASTDEEMEDPOSITIVE>No</ISLASTDEEMEDPOSITIVE>
       <ISAUTONEGATE>No</ISAUTONEGATE>
       <ISCUSTOMSCLEARANCE/>
       <ISTRACKCOMPONENT/>
       <ISTRACKPRODUCTION/>
       <ISPRIMARYITEM/>
       <ISSCRAP>No</ISSCRAP>
       <RATE>840.00/rft</RATE>
       <DISCOUNT>0</DISCOUNT>
       <VATTAXRATE>0</VATTAXRATE>
       <ORIGINVGOODSQTY>0</ORIGINVGOODSQTY>
       <EXCISEMRPABATEMENT>0</EXCISEMRPABATEMENT>
       <ADDLCOSTPERC>0</ADDLCOSTPERC>
       <REVISEDRATEOFDUTY>0</REVISEDRATEOFDUTY>
       <ORIGRATEOFDUTY>0</ORIGRATEOFDUTY>
       <ORIGMRPABATEMENT>0</ORIGMRPABATEMENT>
       <EXCISERETURNDUTYRATE>0</EXCISERETURNDUTYRATE>
       <GVATEXCISERATE>0</GVATEXCISERATE>
       <AMOUNT>840.00</AMOUNT>
       <EXCISEASSESSABLEVALUE/>
       <CESSASSVALONCLASS/>
       <EIDISCOUNTAMT/>
       <VATASSESSABLEVALUE/>
       <VATWCDEDUCTAMT/>
       <WCTOTALDEDUCTIONAMT/>
       <ORIGINVGOODSVALUE/>
       <GSTOVRDNASSESSABLEVALUE/>
       <GSTASSBLVALUE/>
       <STRDCOMPUTEDASSESSABLEVALUE/>
       <STRDCOMPUTEDIGST/>
       <STRDCOMPUTEDCGST/>
       <STRDCOMPUTEDSGST/>
       <STRDCOMPUTEDCESS/>
       <STRDCOMPUTEDCESSONQTY/>
       <ORIGINVGOODSTAXVALUE/>
       <VATASSBLVALUE/>
       <VATACCEPTEDTAXAMT/>
       <VATACCEPTEDADDLTAXAMT/>
       <STRDAPPRSTATECESSGST/>
       <STRDAPPROPRIATEDDISCOUNT/>
       <STRDEXCISETAX/>
       <VATINPUTTAXCREDIT/>
       <VATELIGIBLECREDIT/>
       <GVATEXCISEAMT/>
       <ACTUALQTY> 1.00 rft</ACTUALQTY>
       <BILLEDQTY> 1.00 rft</BILLEDQTY>
       <ORIGACTUALQTY/>
       <ORIGBILLEDQTY/>
       <EXCISERETURNINVOICEQTY/>
       <USABLEQTY/>
       <EXCISECREDITPENDINGQTY/>
       <MRPRATE/>
       <EXCISEMRPRATE/>
       <ORIGRATE/>
       <REVISEDRATE/>
       <ESCALATIONRATE/>
       <ORIGMRPRATE/>
       <ORIGRATEOFQTY/>
       <REVISEDRATEOFQTY/>
       <INCLVATRATE/>
       <BATCHALLOCATIONS.LIST>
        <MFDON/>
        <ORDERYEAREND/>
        <TRACKINGYEAREND/>
        <ORDERPRECLOSUREDATE/>
        <NARRATION/>
        <GODOWNNAME>Main Location</GODOWNNAME>
        <BATCHNAME>Primary Batch</BATCHNAME>
        <DESTINATIONGODOWNNAME/>
        <INDENTNO>&#4; Not Applicable</INDENTNO>
        <ORDERTYPE/>
        <PARENTITEM/>
        <ORDERCLOSUREREASON/>
        <ORDERNO>&#4; Not Applicable</ORDERNO>
        <TRACKINGNUMBER>13062</TRACKINGNUMBER>
        <DYNAMICCSTNO/>
        <DYNAMICCSTPARENTITEM/>
        <SUMDYNAMICCSTNO/>
        <SUMBATCHNAME/>
        <SUMTRACKINGNUMBER/>
        <SUMORDERNO/>
        <SUMINDENTNO/>
        <ADDLAMOUNT/>
        <DYNAMICCSTISCLEARED>No</DYNAMICCSTISCLEARED>
        <TRACKID TYPE="Number"> 47580</TRACKID>
        <BATCHID TYPE="Number"> 24236</BATCHID>
        <BATCHDISCOUNT TYPE="Number">0</BATCHDISCOUNT>
        <AMOUNT>840.00</AMOUNT>
        <ADDLEXPENSEAMOUNT/>
        <BATCHDIFFVAL/>
        <ACTUALQTY> 1.00 rft</ACTUALQTY>
        <BILLEDQTY> 1.00 rft</BILLEDQTY>
        <ORDERPRECLOSUREQTY/>
        <ORIGACTUALQTY/>
        <ORIGBILLEDQTY/>
        <BATCHPHYSDIFF/>
        <ORIGRATE/>
        <REVISEDRATE/>
        <ESCALATIONRATE/>
        <INCLVATRATE/>
        <BATCHRATE TYPE="Rate">840.00/rft</BATCHRATE>
        <EXPIRYPERIOD/>
        <INDENTDUEDATE/>
        <ORDERDUEDATE/>
        <ADDITIONALDETAILS.LIST>        </ADDITIONALDETAILS.LIST>
        <VOUCHERCOMPONENTLIST.LIST>        </VOUCHERCOMPONENTLIST.LIST>
       </BATCHALLOCATIONS.LIST>
       <DUTYHEADDETAILS.LIST>       </DUTYHEADDETAILS.LIST>
       <RATEDETAILS.LIST>
        <GSTRATEDUTYHEAD>CGST</GSTRATEDUTYHEAD>
        <GSTRATEVALUATIONTYPE>Based on Value</GSTRATEVALUATIONTYPE>
        <GSTRATE> 9</GSTRATE>
        <GSTRATEPERUNIT>0</GSTRATEPERUNIT>
       </RATEDETAILS.LIST>
       <RATEDETAILS.LIST>
        <GSTRATEDUTYHEAD>SGST/UTGST</GSTRATEDUTYHEAD>
        <GSTRATEVALUATIONTYPE>Based on Value</GSTRATEVALUATIONTYPE>
        <GSTRATE> 9</GSTRATE>
        <GSTRATEPERUNIT>0</GSTRATEPERUNIT>
       </RATEDETAILS.LIST>
       <RATEDETAILS.LIST>
        <GSTRATEDUTYHEAD>IGST</GSTRATEDUTYHEAD>
        <GSTRATEVALUATIONTYPE>Based on Value</GSTRATEVALUATIONTYPE>
        <GSTRATE> 18</GSTRATE>
        <GSTRATEPERUNIT>0</GSTRATEPERUNIT>
       </RATEDETAILS.LIST>
       <RATEDETAILS.LIST>
        <GSTRATEDUTYHEAD>Cess</GSTRATEDUTYHEAD>
        <GSTRATEVALUATIONTYPE>&#4; Not Applicable</GSTRATEVALUATIONTYPE>
        <GSTRATE>0</GSTRATE>
        <GSTRATEPERUNIT>0</GSTRATEPERUNIT>
       </RATEDETAILS.LIST>
       <RATEDETAILS.LIST>
        <GSTRATEDUTYHEAD>State Cess</GSTRATEDUTYHEAD>
        <GSTRATEVALUATIONTYPE>Based on Value</GSTRATEVALUATIONTYPE>
        <GSTRATE>0</GSTRATE>
        <GSTRATEPERUNIT>0</GSTRATEPERUNIT>
       </RATEDETAILS.LIST>
       <SUPPLEMENTARYDUTYHEADDETAILS.LIST>       </SUPPLEMENTARYDUTYHEADDETAILS.LIST>
       <TAXOBJECTALLOCATIONS.LIST>       </TAXOBJECTALLOCATIONS.LIST>
       <COSTTRACKALLOCATIONS.LIST>       </COSTTRACKALLOCATIONS.LIST>
       <REFVOUCHERDETAILS.LIST>       </REFVOUCHERDETAILS.LIST>
       <EXCISEALLOCATIONS.LIST>       </EXCISEALLOCATIONS.LIST>
       <EXPENSEALLOCATIONS.LIST>       </EXPENSEALLOCATIONS.LIST>
      </INVENTORYALLOCATIONS.LIST>
      <INVENTORYALLOCATIONS.LIST>
       <ORIGINVOICEDATE/>
       <ORIGSALESINVDATE/>
       <DESCRIPTION/>
       <STOCKITEMNAME>Nails</STOCKITEMNAME>
       <STATNATURENAME/>
       <EXCISECLASSIFICATIONNAME/>
       <ISZRBASICSERVICE/>
       <STRDGSTDERIVEDLOCATIONTYPE/>
       <STRDGSTDERIVEDTAXABILITY/>
       <STRDGSTDERIVEDNATURETYPE/>
       <STRDGSTDERIVEDSUPPLYTYPE/>
       <GSTOVRDNCLASSIFICATION/>
       <GSTOVRDNNATURE/>
       <GSTOVRDNINELIGIBLEITC/>
       <GSTOVRDNISREVCHARGEAPPL>&#4; Not Applicable</GSTOVRDNISREVCHARGEAPPL>
       <GSTOVRDNTAXABILITY>Taxable</GSTOVRDNTAXABILITY>
       <GSTSOURCETYPE>Stock Item</GSTSOURCETYPE>
       <GSTITEMSOURCE>Nails</GSTITEMSOURCE>
       <GSTLEDGERSOURCE/>
       <GSTGROUPSOURCE/>
       <GSTSTOCKGROUPSOURCE/>
       <HSNSOURCETYPE>Stock Item</HSNSOURCETYPE>
       <HSNITEMSOURCE>Nails</HSNITEMSOURCE>
       <HSNLEDGERSOURCE/>
       <HSNGROUPSOURCE/>
       <HSNSTOCKGROUPSOURCE/>
       <GSTOVRDNSTOREDNATURE>&#4; System Inferred</GSTOVRDNSTOREDNATURE>
       <GSTOVRDNTYPEOFSUPPLY>Goods</GSTOVRDNTYPEOFSUPPLY>
       <GSTRATEINFERAPPLICABILITY>As per Masters/Company</GSTRATEINFERAPPLICABILITY>
       <GSTOVRDNNATUREOFGOODS/>
       <GSTHSNNAME>73170013</GSTHSNNAME>
       <GSTHSNDESCRIPTION/>
       <GSTHSNINFERAPPLICABILITY>As per Masters/Company</GSTHSNINFERAPPLICABILITY>
       <HSNOVRDNCLASSIFICATION/>
       <STRDGSTFINALNATUREOFENTRY/>
       <GSTDEPGSTCLASSIFICATION/>
       <GSTDEPHSNCLASSIFICATION/>
       <EXCISETARIFF/>
       <EXCISEEXEMPTION/>
       <TRADERCNSALESNUMBER/>
       <BASICPACKAGEMARKS/>
       <BASICNUMPACKAGES/>
       <SDTAXCLASSIFICATIONNAME/>
       <NATUREOFCOMPONENT/>
       <COMPONENTLISTTYPE/>
       <DISPLAYNATUREOFCOMPONENT/>
       <BOMNAME/>
       <ORIGINVOICENUMBER/>
       <ORIGINVOICEBOOKNAME/>
       <ORIGSALESINVNO/>
       <EXCISERETURNINVOICENO/>
       <REASONOFREJECTION/>
       <EXCISECREDITPARTY/>
       <EXCISECREDITSTKITEM/>
       <EXCISECREDITCATEGORY/>
       <TRADERSUPPLIERINVOICENO/>
       <EXCISESALESINVOICENO/>
       <GSTITEMUQC/>
       <GSTITEMUQCUOM/>
       <ADDLAMOUNT/>
       <ISDEEMEDPOSITIVE>No</ISDEEMEDPOSITIVE>
       <ISGSTASSESSABLEVALUEOVERRIDDEN/>
       <STRDISGSTAPPLICABLE/>
       <CONTENTNEGISPOS/>
       <ISLASTDEEMEDPOSITIVE>No</ISLASTDEEMEDPOSITIVE>
       <ISAUTONEGATE>No</ISAUTONEGATE>
       <ISCUSTOMSCLEARANCE/>
       <ISTRACKCOMPONENT/>
       <ISTRACKPRODUCTION/>
       <ISPRIMARYITEM/>
       <ISSCRAP>No</ISSCRAP>
       <RATE>120.00/kgs</RATE>
       <DISCOUNT>0</DISCOUNT>
       <VATTAXRATE>0</VATTAXRATE>
       <ORIGINVGOODSQTY>0</ORIGINVGOODSQTY>
       <EXCISEMRPABATEMENT>0</EXCISEMRPABATEMENT>
       <ADDLCOSTPERC>0</ADDLCOSTPERC>
       <REVISEDRATEOFDUTY>0</REVISEDRATEOFDUTY>
       <ORIGRATEOFDUTY>0</ORIGRATEOFDUTY>
       <ORIGMRPABATEMENT>0</ORIGMRPABATEMENT>
       <EXCISERETURNDUTYRATE>0</EXCISERETURNDUTYRATE>
       <GVATEXCISERATE>0</GVATEXCISERATE>
       <AMOUNT>60.00</AMOUNT>
       <EXCISEASSESSABLEVALUE/>
       <CESSASSVALONCLASS/>
       <EIDISCOUNTAMT/>
       <VATASSESSABLEVALUE/>
       <VATWCDEDUCTAMT/>
       <WCTOTALDEDUCTIONAMT/>
       <ORIGINVGOODSVALUE/>
       <GSTOVRDNASSESSABLEVALUE/>
       <GSTASSBLVALUE/>
       <STRDCOMPUTEDASSESSABLEVALUE/>
       <STRDCOMPUTEDIGST/>
       <STRDCOMPUTEDCGST/>
       <STRDCOMPUTEDSGST/>
       <STRDCOMPUTEDCESS/>
       <STRDCOMPUTEDCESSONQTY/>
       <ORIGINVGOODSTAXVALUE/>
       <VATASSBLVALUE/>
       <VATACCEPTEDTAXAMT/>
       <VATACCEPTEDADDLTAXAMT/>
       <STRDAPPRSTATECESSGST/>
       <STRDAPPROPRIATEDDISCOUNT/>
       <STRDEXCISETAX/>
       <VATINPUTTAXCREDIT/>
       <VATELIGIBLECREDIT/>
       <GVATEXCISEAMT/>
       <ACTUALQTY> 0.5000 kgs</ACTUALQTY>
       <BILLEDQTY> 0.5000 kgs</BILLEDQTY>
       <ORIGACTUALQTY/>
       <ORIGBILLEDQTY/>
       <EXCISERETURNINVOICEQTY/>
       <USABLEQTY/>
       <EXCISECREDITPENDINGQTY/>
       <MRPRATE/>
       <EXCISEMRPRATE/>
       <ORIGRATE/>
       <REVISEDRATE/>
       <ESCALATIONRATE/>
       <ORIGMRPRATE/>
       <ORIGRATEOFQTY/>
       <REVISEDRATEOFQTY/>
       <INCLVATRATE/>
       <BATCHALLOCATIONS.LIST>
        <MFDON/>
        <ORDERYEAREND/>
        <TRACKINGYEAREND/>
        <ORDERPRECLOSUREDATE/>
        <NARRATION/>
        <GODOWNNAME>Main Location</GODOWNNAME>
        <BATCHNAME>Primary Batch</BATCHNAME>
        <DESTINATIONGODOWNNAME/>
        <INDENTNO>&#4; Not Applicable</INDENTNO>
        <ORDERTYPE/>
        <PARENTITEM/>
        <ORDERCLOSUREREASON/>
        <ORDERNO>&#4; Not Applicable</ORDERNO>
        <TRACKINGNUMBER>13062</TRACKINGNUMBER>
        <DYNAMICCSTNO/>
        <DYNAMICCSTPARENTITEM/>
        <SUMDYNAMICCSTNO/>
        <SUMBATCHNAME/>
        <SUMTRACKINGNUMBER/>
        <SUMORDERNO/>
        <SUMINDENTNO/>
        <ADDLAMOUNT/>
        <DYNAMICCSTISCLEARED>No</DYNAMICCSTISCLEARED>
        <TRACKID TYPE="Number"> 47581</TRACKID>
        <BATCHID TYPE="Number"> 27978</BATCHID>
        <BATCHDISCOUNT TYPE="Number">0</BATCHDISCOUNT>
        <AMOUNT>60.00</AMOUNT>
        <ADDLEXPENSEAMOUNT/>
        <BATCHDIFFVAL/>
        <ACTUALQTY> 0.5000 kgs</ACTUALQTY>
        <BILLEDQTY> 0.5000 kgs</BILLEDQTY>
        <ORDERPRECLOSUREQTY/>
        <ORIGACTUALQTY/>
        <ORIGBILLEDQTY/>
        <BATCHPHYSDIFF/>
        <ORIGRATE/>
        <REVISEDRATE/>
        <ESCALATIONRATE/>
        <INCLVATRATE/>
        <BATCHRATE TYPE="Rate">120.00/kgs</BATCHRATE>
        <EXPIRYPERIOD/>
        <INDENTDUEDATE/>
        <ORDERDUEDATE/>
        <ADDITIONALDETAILS.LIST>        </ADDITIONALDETAILS.LIST>
        <VOUCHERCOMPONENTLIST.LIST>        </VOUCHERCOMPONENTLIST.LIST>
       </BATCHALLOCATIONS.LIST>
       <DUTYHEADDETAILS.LIST>       </DUTYHEADDETAILS.LIST>
       <RATEDETAILS.LIST>
        <GSTRATEDUTYHEAD>CGST</GSTRATEDUTYHEAD>
        <GSTRATEVALUATIONTYPE>Based on Value</GSTRATEVALUATIONTYPE>
        <GSTRATE> 9</GSTRATE>
        <GSTRATEPERUNIT>0</GSTRATEPERUNIT>
       </RATEDETAILS.LIST>
       <RATEDETAILS.LIST>
        <GSTRATEDUTYHEAD>SGST/UTGST</GSTRATEDUTYHEAD>
        <GSTRATEVALUATIONTYPE>Based on Value</GSTRATEVALUATIONTYPE>
        <GSTRATE> 9</GSTRATE>
        <GSTRATEPERUNIT>0</GSTRATEPERUNIT>
       </RATEDETAILS.LIST>
       <RATEDETAILS.LIST>
        <GSTRATEDUTYHEAD>IGST</GSTRATEDUTYHEAD>
        <GSTRATEVALUATIONTYPE>Based on Value</GSTRATEVALUATIONTYPE>
        <GSTRATE> 18</GSTRATE>
        <GSTRATEPERUNIT>0</GSTRATEPERUNIT>
       </RATEDETAILS.LIST>
       <RATEDETAILS.LIST>
        <GSTRATEDUTYHEAD>Cess</GSTRATEDUTYHEAD>
        <GSTRATEVALUATIONTYPE>&#4; Not Applicable</GSTRATEVALUATIONTYPE>
        <GSTRATE>0</GSTRATE>
        <GSTRATEPERUNIT>0</GSTRATEPERUNIT>
       </RATEDETAILS.LIST>
       <RATEDETAILS.LIST>
        <GSTRATEDUTYHEAD>State Cess</GSTRATEDUTYHEAD>
        <GSTRATEVALUATIONTYPE>Based on Value</GSTRATEVALUATIONTYPE>
        <GSTRATE>0</GSTRATE>
        <GSTRATEPERUNIT>0</GSTRATEPERUNIT>
       </RATEDETAILS.LIST>
       <SUPPLEMENTARYDUTYHEADDETAILS.LIST>       </SUPPLEMENTARYDUTYHEADDETAILS.LIST>
       <TAXOBJECTALLOCATIONS.LIST>       </TAXOBJECTALLOCATIONS.LIST>
       <COSTTRACKALLOCATIONS.LIST>       </COSTTRACKALLOCATIONS.LIST>
       <REFVOUCHERDETAILS.LIST>       </REFVOUCHERDETAILS.LIST>
       <EXCISEALLOCATIONS.LIST>       </EXCISEALLOCATIONS.LIST>
       <EXPENSEALLOCATIONS.LIST>       </EXPENSEALLOCATIONS.LIST>
      </INVENTORYALLOCATIONS.LIST>
      <DUTYHEADDETAILS.LIST>      </DUTYHEADDETAILS.LIST>
      <EXCISEDUTYHEADDETAILS.LIST>      </EXCISEDUTYHEADDETAILS.LIST>
      <RATEDETAILS.LIST>      </RATEDETAILS.LIST>
      <SUMMARYALLOCS.LIST>      </SUMMARYALLOCS.LIST>
      <CENVATDUTYALLOCATIONS.LIST>      </CENVATDUTYALLOCATIONS.LIST>
      <STPYMTDETAILS.LIST>      </STPYMTDETAILS.LIST>
      <EXCISEPAYMENTALLOCATIONS.LIST>      </EXCISEPAYMENTALLOCATIONS.LIST>
      <TAXBILLALLOCATIONS.LIST>      </TAXBILLALLOCATIONS.LIST>
      <TAXOBJECTALLOCATIONS.LIST>      </TAXOBJECTALLOCATIONS.LIST>
      <TDSEXPENSEALLOCATIONS.LIST>      </TDSEXPENSEALLOCATIONS.LIST>
      <VATSTATUTORYDETAILS.LIST>      </VATSTATUTORYDETAILS.LIST>
      <REFVOUCHERDETAILS.LIST>      </REFVOUCHERDETAILS.LIST>
      <INVOICEWISEDETAILS.LIST>      </INVOICEWISEDETAILS.LIST>
      <VATITCDETAILS.LIST>      </VATITCDETAILS.LIST>
      <ADVANCETAXDETAILS.LIST>      </ADVANCETAXDETAILS.LIST>
      <TAXTYPEALLOCATIONS.LIST>      </TAXTYPEALLOCATIONS.LIST>
     </ALLLEDGERENTRIES.LIST>
     <ALLLEDGERENTRIES.LIST>
      <OLDAUDITENTRYIDS.LIST TYPE="Number">
       <OLDAUDITENTRYIDS>-1</OLDAUDITENTRYIDS>
      </OLDAUDITENTRYIDS.LIST>
      <ORIGPURCHINVDATE/>
      <NARRATION/>
      <ADDLALLOCTYPE/>
      <TAXCLASSIFICATIONNAME/>
      <APPROPRIATEFOR/>
      <GSTDUTYHEAD/>
      <GSTAPPROPRIATETO/>
      <NOTIFICATIONSLNO/>
      <EXCISEALLOCTYPE/>
      <SWIFTCODE/>
      <ROUNDTYPE>&#4; Not Applicable</ROUNDTYPE>
      <LEDGERNAME>SGST</LEDGERNAME>
      <TAXUNITNAME/>
      <STATNATURENAME/>
      <GOODSTYPE/>
      <VATTRADENAME/>
      <METHODTYPE/>
      <CLASSRATE/>
      <STATCLASSIFICATIONNAME/>
      <EXCISECLASSIFICATIONNAME/>
      <ISZRBASICSERVICE/>
      <VATCOMMODITYNAME/>
      <SCHEDULE/>
      <SCHEDULESERIALNUMBER/>
      <VATCOMMODITYCODE/>
      <VATSUBCOMMODITYCODE/>
      <VATMAJORCOMMODITYNAME/>
      <STRDGSTDERIVEDLOCATIONTYPE/>
      <STRDGSTDERIVEDTAXABILITY/>
      <STRDGSTDERIVEDNATURETYPE/>
      <STRDGSTDERIVEDSUPPLYTYPE/>
      <TDSPARTYNAME/>
      <VATPARTYORGNAME/>
      <XBRLADJTYPE/>
      <VOUCHERFBTCATEGORY/>
      <TYPEOFTAXPAYMENT/>
      <VATCALCULATIONTYPE/>
      <VATWORKSCONTRACTTYPE/>
      <VATWCDESCRIPTION/>
      <GSTCLASS>&#4; Not Applicable</GSTCLASS>
      <SCHVIADJTYPE/>
      <GSTOVRDNCLASSIFICATION/>
      <GSTOVRDNNATURE/>
      <GSTOVRDNINELIGIBLEITC/>
      <GSTOVRDNISREVCHARGEAPPL/>
      <GSTOVRDNTAXABILITY/>
      <GSTHSNSACCODE/>
      <GSTSOURCETYPE/>
      <GSTITEMSOURCE/>
      <GSTLEDGERSOURCE/>
      <GSTGROUPSOURCE/>
      <GSTSTOCKGROUPSOURCE/>
      <HSNSOURCETYPE/>
      <HSNITEMSOURCE/>
      <HSNLEDGERSOURCE/>
      <HSNGROUPSOURCE/>
      <HSNSTOCKGROUPSOURCE/>
      <GSTOVRDNSTOREDNATURE/>
      <GSTOVRDNTYPEOFSUPPLY/>
      <GSTRATEINFERAPPLICABILITY/>
      <GSTOVRDNNATUREOFGOODS/>
      <GSTHSNNAME/>
      <GSTHSNDESCRIPTION/>
      <GSTHSNINFERAPPLICABILITY/>
      <HSNOVRDNCLASSIFICATION/>
      <STRDGSTFINALNATUREOFENTRY/>
      <STRDGSTDUTYHEAD/>
      <VATGOODSNATURE/>
      <GSTDEPGSTCLASSIFICATION/>
      <GSTDEPHSNCLASSIFICATION/>
      <POSPAYMENTTYPE/>
      <GSTPARTYLEDGER/>
      <ORIGPURCHPARTY/>
      <ORIGPURCHPARTYADDRESS/>
      <ORIGPURCHINVNO/>
      <ORIGPURCHNOTE/>
      <ISDEEMEDPOSITIVE>No</ISDEEMEDPOSITIVE>
      <LEDGERFROMITEM>No</LEDGERFROMITEM>
      <REMOVEZEROENTRIES/>
      <ISPARTYLEDGER>No</ISPARTYLEDGER>
      <GSTOVERRIDDEN>No</GSTOVERRIDDEN>
      <ISGSTASSESSABLEVALUEOVERRIDDEN>No</ISGSTASSESSABLEVALUEOVERRIDDEN>
      <STRDISGSTAPPLICABLE>No</STRDISGSTAPPLICABLE>
      <STRDGSTISPARTYLEDGER>No</STRDGSTISPARTYLEDGER>
      <STRDGSTISDUTYLEDGER>No</STRDGSTISDUTYLEDGER>
      <CONTENTNEGISPOS/>
      <ISLASTDEEMEDPOSITIVE>No</ISLASTDEEMEDPOSITIVE>
      <ISCAPVATTAXALTERED/>
      <ISCAPVATNOTCLAIMED>No</ISCAPVATNOTCLAIMED>
      <STCRADJPERCENT>0</STCRADJPERCENT>
      <ROUNDLIMIT>0</ROUNDLIMIT>
      <RATEOFADDLVAT>0</RATEOFADDLVAT>
      <RATEOFCESSONVAT>0</RATEOFCESSONVAT>
      <VATTAXRATE>0</VATTAXRATE>
      <VATITEMQTY>0</VATITEMQTY>
      <VATWCDEDUCTRATE>0</VATWCDEDUCTRATE>
      <PREVINVTOTALNUM>0</PREVINVTOTALNUM>
      <VATWCDEDUCTIONRATE>0</VATWCDEDUCTIONRATE>
      <GSTTAXRATE>0</GSTTAXRATE>
      <ORIGINVGOODSQTY>0</ORIGINVGOODSQTY>
      <CAPVATTAXRATE>0</CAPVATTAXRATE>
      <AMOUNT>379.08</AMOUNT>
      <CESSASSVALONCLASS/>
      <ADDNLVATCLASSAMT/>
      <EIDISCOUNTAMT/>
      <FBTEXEMPTAMOUNT/>
      <VATASSESSABLEVALUE/>
      <VATWCCOSTOFLAND/>
      <VATWCDEDLABOURCHARGES/>
      <VATWCOTHERDEDUCTIONAMT/>
      <VATWCVALUEOFTAXFREEGOODS/>
      <VATWCOTHERCHARGES/>
      <VATWCSUBCONTRACTORAMT/>
      <VATWCDEDUCTAMT/>
      <WCTOTALDEDUCTIONAMT/>
      <PREVAMOUNT/>
      <PREVINVTOTALAMT/>
      <VATWCDEDUCTIONAMOUNT/>
      <ORIGINVGOODSVALUE/>
      <CENVATCAPTINPUTAMT/>
      <GSTASSESSABLEVALUE/>
      <IGSTLIABILITY/>
      <CGSTLIABILITY/>
      <SGSTLIABILITY/>
      <GSTCESSLIABILITY/>
      <GSTOVRDNASSESSABLEVALUE/>
      <GSTASSBLVALUE/>
      <STRDCOMPUTEDASSESSABLEVALUE/>
      <STRDCOMPUTEDIGST/>
      <STRDCOMPUTEDCGST/>
      <STRDCOMPUTEDSGST/>
      <STRDCOMPUTEDCESS/>
      <STRDCOMPUTEDCESSONQTY/>
      <ORIGINVGOODSTAXVALUE/>
      <VATWCESTABLISHMENTCOST/>
      <VATWCCONTRACTORPROFIT/>
      <VATWCPLANNINGDESIGNFEES/>
      <VATWCMACHINERYTOOLSCHARGES/>
      <VATWCCONSUMABLESCOST/>
      <VATEXPAMOUNT>379.08</VATEXPAMOUNT>
      <VATASSBLVALUE/>
      <VATACCEPTEDTAXAMT/>
      <VATACCEPTEDADDLTAXAMT/>
      <CASHRECEIVED/>
      <CAPVATASSEABLEVALUE/>
      <CAPVATTAXVALUE/>
      <ORIGPURCHVALUE/>
      <SUPPLYMARGVAL/>
      <STRDAPPRSTATECESSGST/>
      <STRDAPPROPRIATEDDISCOUNT/>
      <STRDEXCISETAX/>
      <SERVICETAXDETAILS.LIST>      </SERVICETAXDETAILS.LIST>
      <BANKALLOCATIONS.LIST>      </BANKALLOCATIONS.LIST>
      <BILLALLOCATIONS.LIST>      </BILLALLOCATIONS.LIST>
      <INTERESTCOLLECTION.LIST>      </INTERESTCOLLECTION.LIST>
      <OLDAUDITENTRIES.LIST>      </OLDAUDITENTRIES.LIST>
      <ACCOUNTAUDITENTRIES.LIST>      </ACCOUNTAUDITENTRIES.LIST>
      <AUDITENTRIES.LIST>      </AUDITENTRIES.LIST>
      <INPUTCRALLOCS.LIST>      </INPUTCRALLOCS.LIST>
      <DUTYHEADDETAILS.LIST>      </DUTYHEADDETAILS.LIST>
      <EXCISEDUTYHEADDETAILS.LIST>      </EXCISEDUTYHEADDETAILS.LIST>
      <RATEDETAILS.LIST>      </RATEDETAILS.LIST>
      <SUMMARYALLOCS.LIST>      </SUMMARYALLOCS.LIST>
      <CENVATDUTYALLOCATIONS.LIST>      </CENVATDUTYALLOCATIONS.LIST>
      <STPYMTDETAILS.LIST>      </STPYMTDETAILS.LIST>
      <EXCISEPAYMENTALLOCATIONS.LIST>      </EXCISEPAYMENTALLOCATIONS.LIST>
      <TAXBILLALLOCATIONS.LIST>      </TAXBILLALLOCATIONS.LIST>
      <TAXOBJECTALLOCATIONS.LIST>      </TAXOBJECTALLOCATIONS.LIST>
      <TDSEXPENSEALLOCATIONS.LIST>      </TDSEXPENSEALLOCATIONS.LIST>
      <VATSTATUTORYDETAILS.LIST>      </VATSTATUTORYDETAILS.LIST>
      <COSTTRACKALLOCATIONS.LIST>      </COSTTRACKALLOCATIONS.LIST>
      <REFVOUCHERDETAILS.LIST>      </REFVOUCHERDETAILS.LIST>
      <INVOICEWISEDETAILS.LIST>      </INVOICEWISEDETAILS.LIST>
      <VATITCDETAILS.LIST>      </VATITCDETAILS.LIST>
      <ADVANCETAXDETAILS.LIST>      </ADVANCETAXDETAILS.LIST>
      <TAXTYPEALLOCATIONS.LIST>      </TAXTYPEALLOCATIONS.LIST>
     </ALLLEDGERENTRIES.LIST>
     <ALLLEDGERENTRIES.LIST>
      <OLDAUDITENTRYIDS.LIST TYPE="Number">
       <OLDAUDITENTRYIDS>-1</OLDAUDITENTRYIDS>
      </OLDAUDITENTRYIDS.LIST>
      <ORIGPURCHINVDATE/>
      <NARRATION/>
      <ADDLALLOCTYPE/>
      <TAXCLASSIFICATIONNAME/>
      <APPROPRIATEFOR/>
      <GSTDUTYHEAD/>
      <GSTAPPROPRIATETO/>
      <NOTIFICATIONSLNO/>
      <EXCISEALLOCTYPE/>
      <SWIFTCODE/>
      <ROUNDTYPE>&#4; Not Applicable</ROUNDTYPE>
      <LEDGERNAME>CGST</LEDGERNAME>
      <TAXUNITNAME/>
      <STATNATURENAME/>
      <GOODSTYPE/>
      <VATTRADENAME/>
      <METHODTYPE/>
      <CLASSRATE/>
      <STATCLASSIFICATIONNAME/>
      <EXCISECLASSIFICATIONNAME/>
      <ISZRBASICSERVICE/>
      <VATCOMMODITYNAME/>
      <SCHEDULE/>
      <SCHEDULESERIALNUMBER/>
      <VATCOMMODITYCODE/>
      <VATSUBCOMMODITYCODE/>
      <VATMAJORCOMMODITYNAME/>
      <STRDGSTDERIVEDLOCATIONTYPE/>
      <STRDGSTDERIVEDTAXABILITY/>
      <STRDGSTDERIVEDNATURETYPE/>
      <STRDGSTDERIVEDSUPPLYTYPE/>
      <TDSPARTYNAME/>
      <VATPARTYORGNAME/>
      <XBRLADJTYPE/>
      <VOUCHERFBTCATEGORY/>
      <TYPEOFTAXPAYMENT/>
      <VATCALCULATIONTYPE/>
      <VATWORKSCONTRACTTYPE/>
      <VATWCDESCRIPTION/>
      <GSTCLASS>&#4; Not Applicable</GSTCLASS>
      <SCHVIADJTYPE/>
      <GSTOVRDNCLASSIFICATION/>
      <GSTOVRDNNATURE/>
      <GSTOVRDNINELIGIBLEITC/>
      <GSTOVRDNISREVCHARGEAPPL/>
      <GSTOVRDNTAXABILITY/>
      <GSTHSNSACCODE/>
      <GSTSOURCETYPE/>
      <GSTITEMSOURCE/>
      <GSTLEDGERSOURCE/>
      <GSTGROUPSOURCE/>
      <GSTSTOCKGROUPSOURCE/>
      <HSNSOURCETYPE/>
      <HSNITEMSOURCE/>
      <HSNLEDGERSOURCE/>
      <HSNGROUPSOURCE/>
      <HSNSTOCKGROUPSOURCE/>
      <GSTOVRDNSTOREDNATURE/>
      <GSTOVRDNTYPEOFSUPPLY/>
      <GSTRATEINFERAPPLICABILITY/>
      <GSTOVRDNNATUREOFGOODS/>
      <GSTHSNNAME/>
      <GSTHSNDESCRIPTION/>
      <GSTHSNINFERAPPLICABILITY/>
      <HSNOVRDNCLASSIFICATION/>
      <STRDGSTFINALNATUREOFENTRY/>
      <STRDGSTDUTYHEAD/>
      <VATGOODSNATURE/>
      <GSTDEPGSTCLASSIFICATION/>
      <GSTDEPHSNCLASSIFICATION/>
      <POSPAYMENTTYPE/>
      <GSTPARTYLEDGER/>
      <ORIGPURCHPARTY/>
      <ORIGPURCHPARTYADDRESS/>
      <ORIGPURCHINVNO/>
      <ORIGPURCHNOTE/>
      <ISDEEMEDPOSITIVE>No</ISDEEMEDPOSITIVE>
      <LEDGERFROMITEM>No</LEDGERFROMITEM>
      <REMOVEZEROENTRIES/>
      <ISPARTYLEDGER>No</ISPARTYLEDGER>
      <GSTOVERRIDDEN>No</GSTOVERRIDDEN>
      <ISGSTASSESSABLEVALUEOVERRIDDEN>No</ISGSTASSESSABLEVALUEOVERRIDDEN>
      <STRDISGSTAPPLICABLE>No</STRDISGSTAPPLICABLE>
      <STRDGSTISPARTYLEDGER>No</STRDGSTISPARTYLEDGER>
      <STRDGSTISDUTYLEDGER>No</STRDGSTISDUTYLEDGER>
      <CONTENTNEGISPOS/>
      <ISLASTDEEMEDPOSITIVE>No</ISLASTDEEMEDPOSITIVE>
      <ISCAPVATTAXALTERED/>
      <ISCAPVATNOTCLAIMED>No</ISCAPVATNOTCLAIMED>
      <STCRADJPERCENT>0</STCRADJPERCENT>
      <ROUNDLIMIT>0</ROUNDLIMIT>
      <RATEOFADDLVAT>0</RATEOFADDLVAT>
      <RATEOFCESSONVAT>0</RATEOFCESSONVAT>
      <VATTAXRATE>0</VATTAXRATE>
      <VATITEMQTY>0</VATITEMQTY>
      <VATWCDEDUCTRATE>0</VATWCDEDUCTRATE>
      <PREVINVTOTALNUM>0</PREVINVTOTALNUM>
      <VATWCDEDUCTIONRATE>0</VATWCDEDUCTIONRATE>
      <GSTTAXRATE>0</GSTTAXRATE>
      <ORIGINVGOODSQTY>0</ORIGINVGOODSQTY>
      <CAPVATTAXRATE>0</CAPVATTAXRATE>
      <AMOUNT>379.08</AMOUNT>
      <CESSASSVALONCLASS/>
      <ADDNLVATCLASSAMT/>
      <EIDISCOUNTAMT/>
      <FBTEXEMPTAMOUNT/>
      <VATASSESSABLEVALUE/>
      <VATWCCOSTOFLAND/>
      <VATWCDEDLABOURCHARGES/>
      <VATWCOTHERDEDUCTIONAMT/>
      <VATWCVALUEOFTAXFREEGOODS/>
      <VATWCOTHERCHARGES/>
      <VATWCSUBCONTRACTORAMT/>
      <VATWCDEDUCTAMT/>
      <WCTOTALDEDUCTIONAMT/>
      <PREVAMOUNT/>
      <PREVINVTOTALAMT/>
      <VATWCDEDUCTIONAMOUNT/>
      <ORIGINVGOODSVALUE/>
      <CENVATCAPTINPUTAMT/>
      <GSTASSESSABLEVALUE/>
      <IGSTLIABILITY/>
      <CGSTLIABILITY/>
      <SGSTLIABILITY/>
      <GSTCESSLIABILITY/>
      <GSTOVRDNASSESSABLEVALUE/>
      <GSTASSBLVALUE/>
      <STRDCOMPUTEDASSESSABLEVALUE/>
      <STRDCOMPUTEDIGST/>
      <STRDCOMPUTEDCGST/>
      <STRDCOMPUTEDSGST/>
      <STRDCOMPUTEDCESS/>
      <STRDCOMPUTEDCESSONQTY/>
      <ORIGINVGOODSTAXVALUE/>
      <VATWCESTABLISHMENTCOST/>
      <VATWCCONTRACTORPROFIT/>
      <VATWCPLANNINGDESIGNFEES/>
      <VATWCMACHINERYTOOLSCHARGES/>
      <VATWCCONSUMABLESCOST/>
      <VATEXPAMOUNT>379.08</VATEXPAMOUNT>
      <VATASSBLVALUE/>
      <VATACCEPTEDTAXAMT/>
      <VATACCEPTEDADDLTAXAMT/>
      <CASHRECEIVED/>
      <CAPVATASSEABLEVALUE/>
      <CAPVATTAXVALUE/>
      <ORIGPURCHVALUE/>
      <SUPPLYMARGVAL/>
      <STRDAPPRSTATECESSGST/>
      <STRDAPPROPRIATEDDISCOUNT/>
      <STRDEXCISETAX/>
      <SERVICETAXDETAILS.LIST>      </SERVICETAXDETAILS.LIST>
      <BANKALLOCATIONS.LIST>      </BANKALLOCATIONS.LIST>
      <BILLALLOCATIONS.LIST>      </BILLALLOCATIONS.LIST>
      <INTERESTCOLLECTION.LIST>      </INTERESTCOLLECTION.LIST>
      <OLDAUDITENTRIES.LIST>      </OLDAUDITENTRIES.LIST>
      <ACCOUNTAUDITENTRIES.LIST>      </ACCOUNTAUDITENTRIES.LIST>
      <AUDITENTRIES.LIST>      </AUDITENTRIES.LIST>
      <INPUTCRALLOCS.LIST>      </INPUTCRALLOCS.LIST>
      <DUTYHEADDETAILS.LIST>      </DUTYHEADDETAILS.LIST>
      <EXCISEDUTYHEADDETAILS.LIST>      </EXCISEDUTYHEADDETAILS.LIST>
      <RATEDETAILS.LIST>      </RATEDETAILS.LIST>
      <SUMMARYALLOCS.LIST>      </SUMMARYALLOCS.LIST>
      <CENVATDUTYALLOCATIONS.LIST>      </CENVATDUTYALLOCATIONS.LIST>
      <STPYMTDETAILS.LIST>      </STPYMTDETAILS.LIST>
      <EXCISEPAYMENTALLOCATIONS.LIST>      </EXCISEPAYMENTALLOCATIONS.LIST>
      <TAXBILLALLOCATIONS.LIST>      </TAXBILLALLOCATIONS.LIST>
      <TAXOBJECTALLOCATIONS.LIST>      </TAXOBJECTALLOCATIONS.LIST>
      <TDSEXPENSEALLOCATIONS.LIST>      </TDSEXPENSEALLOCATIONS.LIST>
      <VATSTATUTORYDETAILS.LIST>      </VATSTATUTORYDETAILS.LIST>
      <COSTTRACKALLOCATIONS.LIST>      </COSTTRACKALLOCATIONS.LIST>
      <REFVOUCHERDETAILS.LIST>      </REFVOUCHERDETAILS.LIST>
      <INVOICEWISEDETAILS.LIST>      </INVOICEWISEDETAILS.LIST>
      <VATITCDETAILS.LIST>      </VATITCDETAILS.LIST>
      <ADVANCETAXDETAILS.LIST>      </ADVANCETAXDETAILS.LIST>
      <TAXTYPEALLOCATIONS.LIST>      </TAXTYPEALLOCATIONS.LIST>
     </ALLLEDGERENTRIES.LIST>
     <ALLLEDGERENTRIES.LIST>
      <OLDAUDITENTRYIDS.LIST TYPE="Number">
       <OLDAUDITENTRYIDS>-1</OLDAUDITENTRYIDS>
      </OLDAUDITENTRYIDS.LIST>
      <ORIGPURCHINVDATE/>
      <NARRATION/>
      <ADDLALLOCTYPE/>
      <TAXCLASSIFICATIONNAME/>
      <APPROPRIATEFOR/>
      <GSTDUTYHEAD/>
      <GSTAPPROPRIATETO/>
      <NOTIFICATIONSLNO/>
      <EXCISEALLOCTYPE/>
      <SWIFTCODE/>
      <ROUNDTYPE>Normal Rounding</ROUNDTYPE>
      <LEDGERNAME>R/off Outward</LEDGERNAME>
      <TAXUNITNAME/>
      <STATNATURENAME/>
      <GOODSTYPE/>
      <VATTRADENAME/>
      <METHODTYPE/>
      <CLASSRATE/>
      <STATCLASSIFICATIONNAME/>
      <EXCISECLASSIFICATIONNAME/>
      <ISZRBASICSERVICE/>
      <VATCOMMODITYNAME/>
      <SCHEDULE/>
      <SCHEDULESERIALNUMBER/>
      <VATCOMMODITYCODE/>
      <VATSUBCOMMODITYCODE/>
      <VATMAJORCOMMODITYNAME/>
      <STRDGSTDERIVEDLOCATIONTYPE/>
      <STRDGSTDERIVEDTAXABILITY/>
      <STRDGSTDERIVEDNATURETYPE/>
      <STRDGSTDERIVEDSUPPLYTYPE/>
      <TDSPARTYNAME/>
      <VATPARTYORGNAME/>
      <XBRLADJTYPE/>
      <VOUCHERFBTCATEGORY/>
      <TYPEOFTAXPAYMENT/>
      <VATCALCULATIONTYPE/>
      <VATWORKSCONTRACTTYPE/>
      <VATWCDESCRIPTION/>
      <GSTCLASS>&#4; Not Applicable</GSTCLASS>
      <SCHVIADJTYPE/>
      <GSTOVRDNCLASSIFICATION/>
      <GSTOVRDNNATURE/>
      <GSTOVRDNINELIGIBLEITC/>
      <GSTOVRDNISREVCHARGEAPPL/>
      <GSTOVRDNTAXABILITY/>
      <GSTHSNSACCODE/>
      <GSTSOURCETYPE/>
      <GSTITEMSOURCE/>
      <GSTLEDGERSOURCE/>
      <GSTGROUPSOURCE/>
      <GSTSTOCKGROUPSOURCE/>
      <HSNSOURCETYPE/>
      <HSNITEMSOURCE/>
      <HSNLEDGERSOURCE/>
      <HSNGROUPSOURCE/>
      <HSNSTOCKGROUPSOURCE/>
      <GSTOVRDNSTOREDNATURE/>
      <GSTOVRDNTYPEOFSUPPLY/>
      <GSTRATEINFERAPPLICABILITY/>
      <GSTOVRDNNATUREOFGOODS/>
      <GSTHSNNAME/>
      <GSTHSNDESCRIPTION/>
      <GSTHSNINFERAPPLICABILITY/>
      <HSNOVRDNCLASSIFICATION/>
      <STRDGSTFINALNATUREOFENTRY/>
      <STRDGSTDUTYHEAD/>
      <VATGOODSNATURE/>
      <GSTDEPGSTCLASSIFICATION/>
      <GSTDEPHSNCLASSIFICATION/>
      <POSPAYMENTTYPE/>
      <GSTPARTYLEDGER/>
      <ORIGPURCHPARTY/>
      <ORIGPURCHPARTYADDRESS/>
      <ORIGPURCHINVNO/>
      <ORIGPURCHNOTE/>
      <ISDEEMEDPOSITIVE>No</ISDEEMEDPOSITIVE>
      <LEDGERFROMITEM>No</LEDGERFROMITEM>
      <REMOVEZEROENTRIES/>
      <ISPARTYLEDGER>No</ISPARTYLEDGER>
      <GSTOVERRIDDEN>No</GSTOVERRIDDEN>
      <ISGSTASSESSABLEVALUEOVERRIDDEN>No</ISGSTASSESSABLEVALUEOVERRIDDEN>
      <STRDISGSTAPPLICABLE>No</STRDISGSTAPPLICABLE>
      <STRDGSTISPARTYLEDGER>No</STRDGSTISPARTYLEDGER>
      <STRDGSTISDUTYLEDGER>No</STRDGSTISDUTYLEDGER>
      <CONTENTNEGISPOS/>
      <ISLASTDEEMEDPOSITIVE>No</ISLASTDEEMEDPOSITIVE>
      <ISCAPVATTAXALTERED/>
      <ISCAPVATNOTCLAIMED>No</ISCAPVATNOTCLAIMED>
      <STCRADJPERCENT>0</STCRADJPERCENT>
      <ROUNDLIMIT> 1</ROUNDLIMIT>
      <RATEOFADDLVAT>0</RATEOFADDLVAT>
      <RATEOFCESSONVAT>0</RATEOFCESSONVAT>
      <VATTAXRATE>0</VATTAXRATE>
      <VATITEMQTY>0</VATITEMQTY>
      <VATWCDEDUCTRATE>0</VATWCDEDUCTRATE>
      <PREVINVTOTALNUM>0</PREVINVTOTALNUM>
      <VATWCDEDUCTIONRATE>0</VATWCDEDUCTIONRATE>
      <GSTTAXRATE>0</GSTTAXRATE>
      <ORIGINVGOODSQTY>0</ORIGINVGOODSQTY>
      <CAPVATTAXRATE>0</CAPVATTAXRATE>
      <AMOUNT>-0.16</AMOUNT>
      <CESSASSVALONCLASS/>
      <ADDNLVATCLASSAMT/>
      <EIDISCOUNTAMT/>
      <FBTEXEMPTAMOUNT/>
      <VATASSESSABLEVALUE/>
      <VATWCCOSTOFLAND/>
      <VATWCDEDLABOURCHARGES/>
      <VATWCOTHERDEDUCTIONAMT/>
      <VATWCVALUEOFTAXFREEGOODS/>
      <VATWCOTHERCHARGES/>
      <VATWCSUBCONTRACTORAMT/>
      <VATWCDEDUCTAMT/>
      <WCTOTALDEDUCTIONAMT/>
      <PREVAMOUNT/>
      <PREVINVTOTALAMT/>
      <VATWCDEDUCTIONAMOUNT/>
      <ORIGINVGOODSVALUE/>
      <CENVATCAPTINPUTAMT/>
      <GSTASSESSABLEVALUE/>
      <IGSTLIABILITY/>
      <CGSTLIABILITY/>
      <SGSTLIABILITY/>
      <GSTCESSLIABILITY/>
      <GSTOVRDNASSESSABLEVALUE/>
      <GSTASSBLVALUE/>
      <STRDCOMPUTEDASSESSABLEVALUE/>
      <STRDCOMPUTEDIGST/>
      <STRDCOMPUTEDCGST/>
      <STRDCOMPUTEDSGST/>
      <STRDCOMPUTEDCESS/>
      <STRDCOMPUTEDCESSONQTY/>
      <ORIGINVGOODSTAXVALUE/>
      <VATWCESTABLISHMENTCOST/>
      <VATWCCONTRACTORPROFIT/>
      <VATWCPLANNINGDESIGNFEES/>
      <VATWCMACHINERYTOOLSCHARGES/>
      <VATWCCONSUMABLESCOST/>
      <VATEXPAMOUNT>-0.16</VATEXPAMOUNT>
      <VATASSBLVALUE/>
      <VATACCEPTEDTAXAMT/>
      <VATACCEPTEDADDLTAXAMT/>
      <CASHRECEIVED/>
      <CAPVATASSEABLEVALUE/>
      <CAPVATTAXVALUE/>
      <ORIGPURCHVALUE/>
      <SUPPLYMARGVAL/>
      <STRDAPPRSTATECESSGST/>
      <STRDAPPROPRIATEDDISCOUNT/>
      <STRDEXCISETAX/>
      <SERVICETAXDETAILS.LIST>      </SERVICETAXDETAILS.LIST>
      <BANKALLOCATIONS.LIST>      </BANKALLOCATIONS.LIST>
      <BILLALLOCATIONS.LIST>      </BILLALLOCATIONS.LIST>
      <INTERESTCOLLECTION.LIST>      </INTERESTCOLLECTION.LIST>
      <OLDAUDITENTRIES.LIST>      </OLDAUDITENTRIES.LIST>
      <ACCOUNTAUDITENTRIES.LIST>      </ACCOUNTAUDITENTRIES.LIST>
      <AUDITENTRIES.LIST>      </AUDITENTRIES.LIST>
      <INPUTCRALLOCS.LIST>      </INPUTCRALLOCS.LIST>
      <DUTYHEADDETAILS.LIST>      </DUTYHEADDETAILS.LIST>
      <EXCISEDUTYHEADDETAILS.LIST>      </EXCISEDUTYHEADDETAILS.LIST>
      <RATEDETAILS.LIST>      </RATEDETAILS.LIST>
      <SUMMARYALLOCS.LIST>      </SUMMARYALLOCS.LIST>
      <CENVATDUTYALLOCATIONS.LIST>      </CENVATDUTYALLOCATIONS.LIST>
      <STPYMTDETAILS.LIST>      </STPYMTDETAILS.LIST>
      <EXCISEPAYMENTALLOCATIONS.LIST>      </EXCISEPAYMENTALLOCATIONS.LIST>
      <TAXBILLALLOCATIONS.LIST>      </TAXBILLALLOCATIONS.LIST>
      <TAXOBJECTALLOCATIONS.LIST>      </TAXOBJECTALLOCATIONS.LIST>
      <TDSEXPENSEALLOCATIONS.LIST>      </TDSEXPENSEALLOCATIONS.LIST>
      <VATSTATUTORYDETAILS.LIST>      </VATSTATUTORYDETAILS.LIST>
      <COSTTRACKALLOCATIONS.LIST>      </COSTTRACKALLOCATIONS.LIST>
      <REFVOUCHERDETAILS.LIST>      </REFVOUCHERDETAILS.LIST>
      <INVOICEWISEDETAILS.LIST>      </INVOICEWISEDETAILS.LIST>
      <VATITCDETAILS.LIST>      </VATITCDETAILS.LIST>
      <ADVANCETAXDETAILS.LIST>      </ADVANCETAXDETAILS.LIST>
      <TAXTYPEALLOCATIONS.LIST>      </TAXTYPEALLOCATIONS.LIST>
     </ALLLEDGERENTRIES.LIST>
    </VOUCHER>
   </COLLECTION>
  </DATA>
 </BODY>
</ENVELOPE>
